Plateforme,Asset,Quote,Datetime,Bid,BidAmount,Ask,AskAmount,OpenInterest
Kraken,btc_usd,10674.0,1601466166.448357,10673.9,11.13351691,10674.0,1.65075933,10730.0461
Kraken,btc_eur,9130.6,1601466166.449393,9130.6,0.3136,9130.8,0.47324497,9164.99025
Kraken,eth_usd,352.7,1601466166.44998,352.65,0.15903361,352.7,11.60439915,355.41867
Kraken,eth_eur,301.4,1601466166.450543,301.39,13.28,301.4,9.42363864,302.98998
Kraken,eth_eur,301.4,1601466169.890099,301.39,13.28,301.4,8.32363864,302.98972
Kraken,btc_usd,10677.8,1601466169.998611,10677.8,0.119,10678.6,0.4,10730.04604
Kraken,btc_eur,9128.9,1601466172.132092,9128.9,0.01794338,9130.8,0.87324497,9164.88277
Kraken,btc_eur,9128.9,1601466173.075899,9128.8,0.5,9130.4,2.0,9164.88238
Kraken,btc_eur,9128.8,1601466177.474717,9128.8,0.35173363,9128.9,0.48205662,9164.87913
Kraken,btc_eur,9128.9,1601466178.492003,9128.8,0.35173363,9128.9,0.40748212,9164.87752
Kraken,eth_eur,301.37,1601466179.226921,301.37,9.84269907,301.39,6.425,302.98968
Kraken,btc_eur,9128.9,1601466182.334631,9128.8,0.50103363,9128.9,0.34192723,9164.8761
Kraken,eth_eur,301.37,1601466186.157203,301.36,1.47457114,301.37,118.15496576,302.9896
Kraken,btc_eur,9128.8,1601466187.623546,9128.8,0.00103363,9128.9,0.34192723,9164.85438
Kraken,btc_eur,9128.9,1601466189.498131,9128.8,0.35173363,9128.9,0.49502015,9164.8525
Kraken,btc_usd,10680.0,1601466191.05248,10679.2,0.58561606,10680.0,4.48170538,10729.99211
Kraken,btc_eur,9128.9,1601466194.048676,9128.8,0.35173363,9128.9,0.48506894,9164.85228
Kraken,btc_usd,10679.3,1601466196.542028,10679.2,0.58586467,10679.3,1.13515309,10729.99118
Kraken,btc_eur,9128.9,1601466196.969946,9128.8,1.11253363,9128.9,0.46002838,9164.85174
Kraken,btc_eur,9128.9,1601466197.385787,9128.8,3.11253363,9128.9,0.41959557,9164.85086
Kraken,btc_eur,9128.9,1601466197.811346,9128.8,3.66720532,9128.9,0.41215343,9164.8507
Kraken,btc_eur,9128.9,1601466198.238564,9128.8,3.66720532,9128.9,0.39180623,9164.85026
Kraken,eth_eur,301.37,1601466198.491375,301.36,1.47457114,301.37,117.27473846,302.98893
Kraken,btc_eur,9128.9,1601466198.657888,9128.8,4.20620532,9128.9,0.37822183,9164.84997
Kraken,btc_eur,9128.9,1601466199.096941,9128.8,4.20620532,9128.9,0.35624157,9164.84949
Kraken,btc_eur,9128.8,1601466199.512835,9128.8,3.20620532,9128.9,0.35624157,9164.82781
Kraken,btc_eur,9128.9,1601466199.541213,9128.8,3.20620532,9128.9,0.33265821,9164.8273
Kraken,btc_eur,9128.9,1601466199.975057,9128.8,3.20620532,9128.9,0.0596354,9164.82658
Kraken,btc_eur,9128.9,1601466200.385663,9128.8,3.20620532,9128.9,0.03420216,9164.82603
Kraken,btc_eur,9128.9,1601466201.214473,9128.8,3.20620532,9128.9,0.01152264,9164.82554
Kraken,btc_usd,10680.0,1601466203.342569,10679.2,0.58586467,10680.0,4.31121307,10729.9373
Kraken,btc_eur,9130.8,1601466203.820426,9128.8,3.70620532,9130.8,0.23476761,9164.82041
Kraken,btc_eur,9130.8,1601466206.797905,9130.7,1.20497169,9130.8,0.39359211,9164.82019
Kraken,btc_eur,9130.8,1601466209.206355,9130.7,1.70497169,9130.8,0.22155899,9164.82014
Kraken,eth_eur,301.37,1601466211.680526,301.31,0.16465646,301.37,73.29377226,302.98884
Kraken,eth_usd,352.74,1601466211.698309,352.64,0.15903361,352.74,8.20575098,355.41833
Kraken,eth_usd,352.76,1601466211.75139,352.64,0.15903361,352.76,3.56075098,355.41605
Kraken,eth_eur,301.37,1601466211.754318,301.31,0.16465646,301.37,71.4113161,302.98839
Kraken,btc_eur,9130.8,1601466212.132645,9130.7,1.70497169,9130.8,0.38422439,9164.8201
Kraken,btc_eur,9130.7,1601466213.024319,9130.7,3.20497169,9130.8,0.38422439,9164.80984
Kraken,btc_eur,9130.7,1601466214.723412,9130.7,3.12212748,9130.8,0.21922439,9164.80814
Kraken,btc_eur,9130.8,1601466216.753926,9130.7,3.12212748,9130.8,0.21378903,9164.80803
Kraken,btc_usd,10680.0,1601466220.61663,10679.9,1.11181401,10680.0,1.17821307,10729.7779
Kraken,btc_eur,9134.2,1601466222.348292,9130.7,3.58813405,9134.2,0.56792344,9164.79839
Kraken,btc_eur,9131.6,1601466223.452846,9130.8,0.535,9132.2,0.02423427,9164.78843
Kraken,btc_eur,9130.8,1601466223.935057,9129.3,0.00288,9130.9,0.02523427,9164.78841
Kraken,btc_usd,10680.0,1601466224.068017,10679.9,0.57568015,10680.0,1.38175192,10729.76466
Kraken,eth_usd,352.6,1601466224.746541,352.6,1.23513847,352.77,23.44906786,355.41215
Kraken,btc_eur,9128.6,1601466225.398015,9128.6,0.14312,9129.9,0.02423427,9164.78794
Kraken,btc_eur,9129.9,1601466226.462361,9129.8,0.8165,9129.9,0.00350027,9164.7875
Kraken,eth_usd,352.76,1601466228.682363,352.74,0.15903362,352.76,35.26741652,355.4079
Kraken,btc_eur,9130.0,1601466228.887791,9129.8,1.3165,9130.0,2.91621547,9164.7857
Kraken,eth_eur,301.39,1601466237.436685,301.39,2.90745541,301.4,62.82363864,302.98838
Kraken,eth_eur,301.4,1601466240.081332,301.39,2.90745541,301.4,65.87318439,302.98823
Kraken,eth_eur,301.4,1601466243.462571,301.39,2.90745541,301.4,123.97115183,302.98814
Kraken,eth_usd,352.76,1601466244.394793,352.75,4.1382199,352.76,115.1714614,355.40747
Kraken,eth_usd,352.76,1601466244.465158,352.75,4.1382199,352.76,104.49293659,355.40498
Kraken,eth_usd,352.76,1601466245.137179,352.75,4.1382199,352.76,102.42484497,355.4045
Kraken,btc_usd,10680.0,1601466245.718647,10679.9,0.57568015,10680.0,5.1187421,10729.74694
Kraken,btc_eur,9129.9,1601466246.351351,9129.9,0.46010844,9130.0,2.9283326,9164.78462
Kraken,btc_eur,9128.3,1601466248.287434,9128.3,0.12274476,9130.9,0.56892344,9164.72198
Kraken,btc_usd,10675.0,1601466249.694639,10674.6,0.133,10680.0,5.1187421,10729.21397
Kraken,btc_eur,9129.9,1601466249.73264,9128.3,0.12274476,9129.9,0.49334894,9164.72042
Kraken,btc_usd,10675.0,1601466260.026789,10674.9,4.82135961,10675.0,0.14848727,10729.12848
Kraken,btc_eur,9128.0,1601466263.319714,9128.0,1.62274476,9129.0,0.49334894,9164.68744
Kraken,btc_eur,9128.4,1601466263.862912,9128.0,1.62274476,9128.4,0.49127866,9164.6874
Kraken,btc_eur,9130.2,1601466271.297866,9128.0,1.62274476,9130.2,0.00220258,9164.68719
Kraken,eth_eur,301.38,1601466275.042943,301.3,16.0,301.38,33.70988617,302.98797
Kraken,eth_usd,352.76,1601466275.148612,352.75,1.2,352.76,119.13850145,355.40291
Kraken,btc_eur,9128.7,1601466276.482098,9128.0,1.62274476,9128.7,1.67946476,9164.68013
Kraken,btc_usd,10675.0,1601466277.765737,10674.9,5.0054777,10675.0,0.09597761,10729.12497
Kraken,btc_usd,10677.6,1601466279.155116,10674.9,5.0054777,10677.6,0.19597761,10729.10846
Kraken,btc_eur,9128.3,1601466281.047158,9128.3,0.2,9128.4,0.00715986,9164.67359
Kraken,btc_eur,9128.5,1601466281.536152,9128.3,0.5,9128.5,0.37093466,9164.67335
Kraken,eth_eur,301.39,1601466289.3015,301.31,0.51821674,301.39,5.91217714,302.98794
Kraken,btc_usd,10680.0,1601466295.861839,10679.3,0.50519422,10680.0,2.91874285,10728.95396
Kraken,eth_eur,301.22,1601466301.606961,301.18,60.0,301.22,29.57136364,302.98773
Kraken,btc_usd,10679.4,1601466303.248539,10679.3,0.00519422,10679.4,4.14260323,10728.92801
Kraken,btc_eur,9128.0,1601466303.335814,9128.0,1.10587376,9129.3,0.49127866,9164.66143
Kraken,btc_usd,10679.4,1601466305.363794,10679.3,0.00519422,10679.4,6.7657791,10728.9246
Kraken,btc_eur,9128.7,1601466307.257687,9128.0,1.10587376,9128.7,1.96046,9164.66058
Kraken,btc_eur,9128.7,1601466307.278355,9128.0,1.10587376,9128.7,1.94303624,9164.6602
Kraken,btc_eur,9128.6,1601466309.101651,9128.0,1.10587376,9128.6,1.12127866,9164.61704
Kraken,btc_eur,9129.4,1601466310.559544,9128.0,1.10587376,9129.4,1.97819895,9164.61659
Kraken,btc_eur,9131.0,1601466313.355854,9128.1,1.15,9131.0,9.61780789,9164.61638
Kraken,btc_eur,9130.6,1601466314.31857,9129.4,0.03570596,9130.6,1.996,9164.6163
Kraken,btc_usd,10679.4,1601466317.307469,10679.3,0.00619422,10679.4,4.35383,10728.89869
Kraken,btc_eur,9130.6,1601466318.022528,9130.5,0.8163,9130.6,1.9895035,9164.61617
Kraken,btc_eur,9130.6,1601466318.572241,9130.5,0.8163,9130.6,1.96593374,9164.61569
Kraken,btc_eur,9130.6,1601466318.969859,9130.5,0.8163,9130.6,1.95941951,9164.61556
Kraken,btc_eur,9130.6,1601466319.405776,9130.5,1.39530596,9130.6,1.93372758,9164.61504
Kraken,btc_eur,9130.6,1601466319.869414,9130.5,1.60030596,9130.6,1.9107299,9164.61457
Kraken,btc_eur,9130.6,1601466320.293826,9130.5,1.60030596,9130.6,1.88832632,9164.61411
Kraken,btc_eur,9130.5,1601466320.75574,9130.5,1.54028367,9131.0,9.61780789,9164.61289
Kraken,eth_eur,301.23,1601466321.598448,301.19,6.0,301.23,29.71349634,302.98766
Kraken,eth_eur,301.23,1601466321.673341,301.19,6.0,301.23,29.33217,302.98756
Kraken,eth_usd,352.62,1601466321.734,352.61,1.35903362,352.62,141.00367414,355.40269
Kraken,btc_eur,9130.9,1601466322.957892,9130.9,1.07510596,9131.0,9.61780789,9164.60281
Kraken,eth_usd,352.62,1601466328.733813,352.61,1.35903362,352.62,141.0718282,355.40248
Kraken,btc_eur,9131.0,1601466329.596337,9130.9,1.93690596,9131.0,9.59977998,9164.60245
Kraken,btc_eur,9131.0,1601466333.875459,9130.9,1.93690596,9131.0,9.59497998,9164.60235
Kraken,btc_eur,9131.0,1601466342.363458,9130.9,1.6612,9131.0,9.78365822,9164.59687
Kraken,btc_eur,9130.9,1601466342.965933,9130.9,1.19690596,9131.0,9.78365822,9164.5868
Kraken,btc_eur,9131.0,1601466346.114469,9130.9,1.19690596,9131.0,9.68365822,9164.5848
Kraken,btc_eur,9131.0,1601466346.459954,9130.9,1.19690596,9131.0,9.64219022,9164.58396
Kraken,eth_eur,301.18,1601466350.01418,301.18,57.71207205,301.2,84.5,302.98695
Kraken,eth_eur,301.18,1601466350.024698,301.18,36.31159498,301.2,84.5,302.98126
Kraken,btc_eur,9131.0,1601466360.67,9130.9,4.29190596,9131.0,9.45895306,9164.58029
Kraken,btc_usd,10680.1,1601466364.589084,10680.0,3.9503769,10680.1,0.10668071,10728.89735
Kraken,btc_usd,10680.1,1601466365.158333,10680.0,4.95659022,10680.1,0.03725941,10728.89381
Kraken,btc_eur,9130.9,1601466368.820241,9130.9,3.75069596,9131.0,9.36637294,9164.5694
Kraken,btc_eur,9131.0,1601466369.279757,9130.9,1.31499,9131.0,9.28221616,9164.56772
Kraken,eth_usd,352.77,1601466369.923538,352.65,0.15903362,352.77,43.99011226,355.40208
Kraken,eth_usd,352.77,1601466385.031809,352.77,0.07951681,352.78,208.67154323,355.40206
Kraken,btc_eur,9131.0,1601466391.475532,9130.9,3.31499,9131.0,8.87156748,9164.56688
Kraken,eth_eur,301.39,1601466393.143344,301.39,2.70885,301.42,9.085,302.97955
Kraken,btc_usd,10683.7,1601466393.708468,10682.6,0.95606685,10683.7,6.1330157,10728.88421
Kraken,btc_usd,10687.5,1601466398.222813,10684.0,0.05840974,10688.1,5.7150068,10728.84413
Kraken,eth_eur,301.47,1601466405.622336,301.4,0.51821674,301.47,66.40381,302.97953
Kraken,btc_eur,9131.0,1601466406.532409,9130.9,4.41033786,9131.0,8.92206426,9164.56592
Kraken,btc_eur,9131.0,1601466417.656479,9130.9,5.06363786,9131.0,8.91411201,9164.56576
Kraken,btc_eur,9131.0,1601466418.232738,9130.9,5.06363786,9131.0,8.89360384,9164.56535
Kraken,btc_eur,9131.0,1601466418.664028,9130.9,5.06363786,9131.0,8.86834989,9164.56484
Kraken,btc_eur,9131.0,1601466419.559172,9130.9,5.06363786,9131.0,8.86364046,9164.56475
Kraken,btc_eur,9131.0,1601466419.974482,9130.9,5.06363786,9131.0,8.84118286,9164.5643
Kraken,btc_eur,9131.0,1601466420.449533,9130.9,5.06363786,9131.0,8.83395511,9164.56415
Kraken,btc_usd,10687.2,1601466424.034372,10685.0,0.5,10687.3,0.55452835,10728.82239
Kraken,btc_eur,9130.9,1601466426.317979,9130.9,5.02293113,9131.0,8.73540167,9164.56133
Kraken,eth_usd,352.77,1601466438.122626,352.77,0.41451681,352.78,162.08965113,355.40148
Kraken,btc_usd,10686.2,1601466439.202215,10686.2,0.50057,10686.3,0.01203303,10728.82194
Kraken,btc_usd,10690.3,1601466443.612491,10686.4,1.37935183,10690.3,4.45338746,10728.8009
Kraken,btc_eur,9131.0,1601466449.652593,9130.9,6.02293113,9131.0,8.70954709,9164.56081
Kraken,btc_usd,10690.2,1601466458.090481,10688.8,0.53540879,10690.2,4.96030832,10728.80019
Kraken,btc_usd,10691.4,1601466461.589756,10689.1,0.5,10691.4,4.00420102,10728.78068
Kraken,btc_eur,9130.9,1601466462.95506,9130.9,5.52293113,9131.0,8.70954709,9164.55076
Kraken,btc_eur,9131.0,1601466464.607095,9130.9,5.48722517,9131.0,8.69393664,9164.55045
Kraken,btc_eur,9130.9,1601466465.006348,9130.9,5.46301517,9131.0,8.69393664,9164.54996
Kraken,btc_eur,9131.0,1601466467.995089,9130.9,5.46301517,9131.0,8.64393664,9164.54896
Kraken,btc_eur,9130.9,1601466472.963191,9130.9,4.96301517,9131.0,8.64393664,9164.53893
Kraken,btc_eur,9131.0,1601466478.100274,9130.9,6.63864786,9131.0,8.64003614,9164.53885
Kraken,btc_eur,9130.9,1601466478.257963,9130.9,1.82262484,9131.0,8.64003614,9164.44246
Kraken,btc_eur,9131.0,1601466480.953219,9130.9,3.9095119,9131.0,8.63461505,9164.44236
Kraken,btc_eur,9130.9,1601466483.026038,9130.9,3.79991335,9131.0,8.63461505,9164.43238
Kraken,btc_usd,10691.4,1601466484.459895,10689.2,0.5,10691.4,3.99873267,10728.78047
Kraken,btc_eur,9131.0,1601466484.650815,9130.9,4.14984008,9131.0,8.57727105,9164.43124
Kraken,btc_eur,9131.0,1601466492.53162,9130.9,4.14984008,9131.0,8.56735976,9164.43104
Kraken,btc_eur,9130.9,1601466492.962886,9130.9,3.64984008,9131.0,8.56735976,9164.42108
Kraken,btc_eur,9131.0,1601466493.653943,9130.9,3.64984008,9131.0,8.51868685,9164.42011
Kraken,btc_eur,9131.0,1601466493.678484,9130.9,3.64984008,9131.0,8.42126573,9164.41817
Kraken,btc_eur,9131.0,1601466495.630848,9130.9,4.68554604,9131.0,6.77826992,9164.38556
Kraken,eth_usd,352.77,1601466499.197633,352.77,42.63991262,352.78,161.33965113,355.40144
Kraken,btc_eur,9131.0,1601466503.856013,9130.9,4.68554604,9131.0,6.7755524,9164.38551
Kraken,btc_eur,9131.0,1601466507.516629,9130.9,4.68554604,9131.0,6.77351782,9164.38547
Kraken,eth_usd,352.78,1601466507.68606,352.77,145.25665207,352.78,151.33965113,355.39914
Kraken,btc_eur,9131.0,1601466522.925778,9130.9,4.68554604,9131.0,6.63334782,9164.38269
Kraken,btc_eur,9131.0,1601466523.864452,9130.9,4.68554604,9131.0,6.61282472,9164.38228
Kraken,btc_eur,9131.0,1601466525.956332,9130.9,4.68554604,9131.0,6.60195462,9164.38207
Kraken,eth_usd,352.78,1601466528.743022,352.77,155.05247683,352.78,151.68965113,355.39904
Kraken,eth_usd,352.78,1601466528.755542,352.77,155.05247683,352.78,150.78965113,355.39884
Kraken,eth_usd,352.78,1601466528.788004,352.77,157.10482737,352.78,150.18965113,355.3987
Kraken,eth_usd,352.78,1601466528.801341,352.77,158.11471511,352.78,147.63936113,355.39811
Kraken,eth_usd,352.78,1601466528.819999,352.77,158.11471511,352.78,143.20787095,355.39709
Kraken,eth_usd,352.78,1601466529.000708,352.77,160.31471511,352.78,129.91377661,355.39404
Kraken,eth_usd,352.78,1601466529.872613,352.77,185.50541511,352.78,119.16377661,355.39176
Kraken,eth_usd,352.78,1601466529.982585,352.77,185.50541511,352.78,100.15277661,355.38741
Kraken,eth_usd,352.78,1601466531.830287,352.77,192.50541511,352.78,95.72191336,355.3864
Kraken,eth_usd,352.78,1601466532.006957,352.77,192.50541511,352.78,91.29079936,355.38539
Kraken,eth_usd,352.78,1601466532.193406,352.77,192.50541511,352.78,86.85968536,355.38439
Kraken,eth_usd,352.78,1601466532.253204,352.77,192.50541511,352.78,85.38264736,355.38405
Kraken,eth_usd,352.78,1601466532.454121,352.77,192.50541511,352.78,83.90560936,355.38371
Kraken,eth_usd,352.78,1601466533.500439,352.77,192.50541511,352.78,82.42865494,355.38338
Kraken,eth_eur,301.75,1601466534.123107,301.6,0.51821674,301.75,4.80823181,302.97773
Kraken,eth_eur,301.78,1601466534.138008,301.6,0.51821674,301.78,0.55105293,302.97643
Kraken,eth_usd,352.78,1601466534.199135,352.77,192.50541511,352.78,80.58473098,355.38296
Kraken,eth_usd,352.78,1601466534.679882,352.77,192.50541511,352.78,80.09241284,355.38285
Kraken,eth_usd,352.78,1601466535.726778,352.77,192.50541511,352.78,79.60008077,355.38274
Kraken,eth_usd,352.78,1601466535.905181,352.77,192.50541511,352.78,79.10776263,355.38262
Kraken,eth_usd,352.78,1601466536.1521,352.77,192.50541511,352.78,78.61543056,355.38251
Kraken,eth_eur,301.7,1601466539.520104,301.69,5.1,301.72,1.99083885,302.97633
Kraken,eth_usd,352.78,1601466539.638498,352.77,192.50541511,352.78,78.09721382,355.38239
Kraken,eth_eur,301.71,1601466541.983804,301.7,0.25910837,301.71,1.66158437,302.97627
Kraken,eth_eur,301.7,1601466542.767161,301.69,5.1,301.71,5.66361566,302.97622
Kraken,eth_usd,352.78,1601466542.887277,352.77,192.50541511,352.78,77.83810545,355.38234
Kraken,btc_usd,10692.3,1601466544.832051,10692.2,0.62057,10692.3,1.93461486,10728.78029
Kraken,eth_eur,301.69,1601466544.832691,301.69,5.03282933,301.7,44.02977553,302.97621
Kraken,eth_usd,352.78,1601466544.987601,352.77,192.31471511,352.78,67.83810545,355.38007
Kraken,eth_usd,352.78,1601466544.988448,352.77,192.31471511,352.78,67.77093478,355.38005
Kraken,eth_usd,352.78,1601466545.76168,352.77,192.31471511,352.78,63.3394446,355.37905
Kraken,eth_usd,352.78,1601466545.968525,352.77,192.31471511,352.78,61.8623648,355.37871
Kraken,eth_usd,352.78,1601466545.994505,352.77,192.31471511,352.78,61.37000487,355.3786
Kraken,eth_usd,352.78,1601466546.119928,352.77,192.31471511,352.78,60.87763101,355.37849
Kraken,eth_usd,352.78,1601466546.19602,352.77,192.31471511,352.78,60.38525715,355.37838
Kraken,eth_usd,352.78,1601466546.221623,352.77,192.31471511,352.78,59.89288329,355.37827
Kraken,btc_eur,9131.0,1601466546.915504,9130.9,5.58554604,9131.0,6.66787335,9164.38188
Kraken,eth_usd,352.78,1601466547.287583,352.77,192.31471511,352.78,55.46114229,355.37726
Kraken,btc_eur,9130.9,1601466547.944868,9130.9,5.58419694,9131.0,6.66787335,9164.38185
Kraken,eth_usd,352.78,1601466548.946732,352.77,192.31471511,352.78,51.0295267,355.37626
Kraken,eth_usd,352.78,1601466549.517263,352.77,192.31471511,352.78,33.06307207,355.37221
Kraken,eth_usd,352.78,1601466549.714857,352.77,192.31471511,352.78,32.57067034,355.3721
Kraken,eth_usd,352.78,1601466550.315809,352.77,192.31471511,352.78,32.07828254,355.37198
Kraken,eth_usd,352.78,1601466551.099188,352.77,192.31471511,352.78,27.64716854,355.37099
Kraken,eth_usd,352.78,1601466551.175546,352.77,192.31471511,352.78,26.17013054,355.37065
Kraken,eth_usd,352.78,1601466551.24354,352.77,192.31471511,352.78,26.13740003,355.37065
Kraken,eth_usd,352.78,1601466551.411508,352.77,202.91471511,352.78,21.13791003,355.36952
Kraken,eth_usd,352.78,1601466551.431028,352.77,202.91471511,352.78,20.64940003,355.36941
Kraken,eth_usd,352.78,1601466551.444897,352.77,202.91471511,352.78,20.23873003,355.36932
Kraken,eth_usd,352.78,1601466551.542261,352.77,202.91471511,353.01,5.0,355.36478
Kraken,btc_eur,9130.9,1601466553.059936,9130.9,5.58828999,9131.0,6.66787335,9164.38178
Kraken,eth_eur,301.87,1601466553.995484,301.72,10.0,301.87,7.0556664,302.97604
Kraken,btc_eur,9131.0,1601466554.889074,9130.9,5.59184813,9131.0,6.63868643,9164.3812
Kraken,btc_eur,9131.0,1601466555.612905,9130.9,4.76574072,9131.0,6.61656794,9164.38076
Kraken,btc_eur,9131.0,1601466556.051178,9130.9,4.76574072,9131.0,6.59235742,9164.38028
Kraken,btc_eur,9130.9,1601466556.48129,9130.9,4.7063218,9131.0,6.59235742,9164.3791
Kraken,btc_eur,9130.9,1601466556.917777,9130.9,4.6148277,9131.0,6.59235742,9164.37728
Kraken,btc_eur,9130.9,1601466557.332729,9130.9,4.56679913,9131.0,6.59235742,9164.37633
Kraken,btc_eur,9131.0,1601466561.187778,9130.9,4.56679913,9131.0,6.54368097,9164.37536
Kraken,btc_usd,10693.9,1601466561.688012,10693.3,0.24,10693.9,0.02055798,10728.78013
Kraken,eth_eur,301.77,1601466563.908132,301.77,6.52897838,301.78,0.3594,302.97604
Kraken,btc_eur,9131.0,1601466565.598657,9130.9,6.22586014,9131.0,6.49959193,9164.37449
Kraken,eth_eur,301.78,1601466572.108426,301.77,22.52897838,301.78,0.19589445,302.97601
Kraken,eth_usd,353.1,1601466572.713452,353.09,65.32624643,353.1,3.00808549,355.36468
Kraken,eth_usd,353.1,1601466572.779591,353.09,106.32624643,353.13,0.44128995,355.36409
Kraken,eth_usd,353.19,1601466572.817321,353.1,6.99191451,353.19,13.66124111,355.364
Kraken,btc_eur,9131.0,1601466573.743416,9130.9,5.83150509,9131.0,6.47528193,9164.37401
Kraken,btc_usd,10694.0,1601466580.73562,10691.5,0.52055709,10694.0,4.41190161,10728.76876
Kraken,btc_eur,9130.9,1601466584.064303,9130.9,5.55241586,9131.0,6.47528193,9164.36846
Kraken,btc_usd,10694.0,1601466585.550029,10691.9,0.2,10694.0,4.36190161,10728.76695
Kraken,eth_eur,301.78,1601466588.178532,301.77,16.29,301.78,0.14589445,302.976
Kraken,eth_eur,301.78,1601466590.123968,301.77,16.29,301.88,0.02013,302.97598
Kraken,btc_eur,9131.0,1601466602.422346,9130.9,4.76637619,9131.0,6.17478193,9164.36251
Kraken,btc_eur,9131.0,1601466605.405456,9130.9,4.80208215,9131.0,6.16834588,9164.36238
Kraken,btc_eur,9131.0,1601466606.75591,9130.9,4.80208215,9131.0,6.16298249,9164.36228
Kraken,btc_usd,10694.3,1601466607.28505,10692.2,0.28,10694.3,0.00649339,10728.76629
Kraken,eth_usd,353.39,1601466607.321702,353.38,41.255,353.39,13.19081948,355.36374
Kraken,btc_usd,10694.4,1601466607.873763,10692.2,0.28,10694.4,1.39533849,10728.76615
Kraken,btc_usd,10693.3,1601466608.465927,10692.2,0.28,10693.3,4.14401241,10728.76544
Kraken,eth_eur,301.88,1601466610.212644,301.87,3.54397838,301.93,0.17968,302.97597
Kraken,btc_eur,9130.9,1601466613.051315,9130.9,4.79497225,9131.0,6.16298249,9164.36213
Kraken,eth_eur,302.0,1601466625.489204,301.92,81.58897838,302.0,14.45481,302.97586
Kraken,btc_eur,9131.0,1601466625.913945,9130.9,4.79497225,9131.0,6.12316349,9164.36135
Kraken,eth_eur,302.0,1601466632.152248,301.98,20.04897838,302.0,10.03183084,302.97523
Kraken,eth_usd,353.4,1601466632.188305,353.39,105.82053743,353.6,0.75,355.36315
Kraken,eth_eur,302.0,1601466632.212921,301.98,20.04897838,302.0,7.08704006,302.97481
Kraken,eth_usd,353.6,1601466632.225695,353.4,6.5,353.64,5.0,355.36303
Kraken,eth_usd,353.64,1601466632.331075,353.62,0.72077,353.64,3.52596504,355.36281
Kraken,btc_eur,9131.0,1601466632.395646,9130.9,5.19497225,9131.0,5.87149863,9164.35636
Kraken,eth_eur,302.0,1601466632.493696,301.99,31.23897838,302.0,6.73404006,302.97476
Kraken,btc_eur,9131.0,1601466633.144471,9130.9,5.19497225,9131.0,5.29916057,9164.34504
Kraken,eth_eur,302.0,1601466633.272211,301.99,26.23897838,302.0,5.25983859,302.97455
Kraken,btc_eur,9131.0,1601466633.790397,9130.9,5.19497225,9131.0,5.29190657,9164.34489
Kraken,eth_eur,302.0,1601466634.823605,301.99,16.23897838,302.0,3.78572038,302.97434
Kraken,eth_eur,302.0,1601466636.139308,301.99,38.04897838,302.0,3.29434764,302.97427
Kraken,btc_eur,9131.0,1601466637.224433,9130.9,5.22297225,9131.0,5.28011383,9164.34466
Kraken,eth_eur,302.0,1601466637.507656,301.99,162.86297838,302.0,2.8029749,302.9742
Kraken,btc_eur,9131.0,1601466637.900803,9130.9,5.22297225,9131.0,3.78011383,9164.31502
Kraken,btc_eur,9131.0,1601466638.196642,9130.9,5.22297225,9131.0,0.00011383,9164.24055
Kraken,btc_eur,9135.9,1601466638.487294,9130.9,5.22297225,9135.9,0.17924741,9164.23685
Kraken,eth_eur,302.0,1601466638.586396,301.99,187.86297838,302.0,2.31161604,302.97413
Kraken,eth_eur,302.0,1601466640.051835,301.99,189.84522413,302.0,1.82025718,302.97406
Kraken,btc_eur,9137.0,1601466640.380624,9137.0,0.50188002,9137.1,0.25,9164.23678
Kraken,eth_eur,302.0,1601466641.150292,301.99,189.84522413,302.0,1.32899543,302.97399
Kraken,eth_eur,302.0,1601466643.251103,301.99,177.11022413,302.0,0.83766432,302.97392
Kraken,eth_eur,302.0,1601466644.834729,301.99,192.11022413,302.18,0.04026,302.9738
Kraken,btc_eur,9137.0,1601466648.767356,9137.0,1.99815546,9137.1,0.25,9164.2271
Kraken,btc_eur,9137.1,1601466653.439081,9137.0,0.12568,9137.1,0.72622231,9164.22672
Kraken,btc_eur,9137.1,1601466653.847219,9137.0,0.12568,9137.1,0.70483907,9164.22638
Kraken,btc_eur,9137.0,1601466654.808873,9137.0,0.10668,9137.1,1.01483907,9164.22607
Kraken,btc_eur,9137.1,1601466654.894696,9137.0,0.10668,9137.1,0.99048948,9164.22568
Kraken,btc_eur,9137.1,1601466655.330613,9137.0,0.12776,9137.1,0.9687079,9164.22533
Kraken,btc_eur,9137.1,1601466655.740548,9137.0,0.16346596,9137.1,2.94488013,9164.22495
Kraken,eth_usd,353.62,1601466659.492202,353.56,2.46,353.62,33.33011226,355.36213
Kraken,btc_eur,9137.1,1601466660.613652,9137.0,0.16346596,9137.1,2.9116121,9164.22442
Kraken,btc_eur,9137.1,1601466663.714445,9137.0,0.16346596,9137.1,2.6111121,9164.2196
Kraken,btc_eur,9137.1,1601466664.42002,9137.0,0.16346596,9137.1,0.80614907,9164.21954
Kraken,btc_eur,9137.0,1601466671.714686,9137.0,0.15610487,9137.1,2.80614907,9164.21942
Kraken,btc_eur,9137.1,1601466683.116163,9137.0,0.12039891,9137.1,2.92887792,9164.21914
Kraken,btc_eur,9137.2,1601466698.654608,9137.2,1.88507,9138.0,0.25,9164.21731
Kraken,btc_eur,9138.7,1601466709.956185,9138.6,0.51305218,9138.7,0.00147123,9164.21725
Kraken,btc_eur,9140.3,1601466715.436505,9138.6,1.03345109,9140.3,0.14110823,9164.2171
Kraken,btc_eur,9138.7,1601466718.251485,9138.6,1.02039891,9138.7,0.2495,9164.21257
Kraken,btc_eur,9138.6,1601466723.108576,9138.6,0.61179791,9138.7,0.2495,9164.21244
Kraken,btc_usd,10695.7,1601466724.112276,10695.6,0.001,10695.7,2.96062844,10728.76516
Kraken,btc_eur,9138.7,1601466724.829626,9138.6,0.61179791,9139.5,0.6,9164.20868
Kraken,btc_usd,10695.7,1601466724.844651,10695.6,0.001,10695.7,2.94996712,10728.76479
Kraken,btc_eur,9138.7,1601466727.809867,9138.7,0.00651,9138.8,2.5,9164.20858
Kraken,eth_eur,301.95,1601466732.260993,301.89,8.0,301.95,29.68012391,302.97375
Kraken,btc_eur,9138.6,1601466733.158824,9138.7,0.00055922,9138.8,4.35616984,9164.20818
Kraken,btc_eur,9138.6,1601466733.507153,9138.6,0.07839525,9138.7,3.6,9164.20799
Kraken,btc_eur,9132.0,1601466741.309001,9132.0,0.18898915,9138.7,4.91116482,9164.20282
Kraken,btc_eur,9135.4,1601466745.528757,9131.2,0.8,9135.4,0.17936774,9164.20239
Kraken,btc_eur,9132.7,1601466755.45903,9132.7,0.7,9135.2,0.225,9164.20053
Kraken,btc_eur,9135.0,1601466761.031313,9133.1,2.0,9135.0,0.43654347,9164.20012
Kraken,btc_eur,9135.0,1601466761.493935,9133.1,2.0,9135.0,0.4141605,9164.19974
Kraken,btc_eur,9133.1,1601466761.966212,9133.1,1.93593249,9135.0,0.4141605,9164.19856
Kraken,btc_eur,9133.1,1601466762.375371,9133.1,1.86803799,9135.0,0.4141605,9164.19731
Kraken,btc_eur,9134.9,1601466770.128314,9134.8,0.30771142,9134.9,0.44321661,9164.19694
Kraken,eth_eur,302.03,1601466771.542657,301.92,0.23897838,302.03,5.400221,302.97375
Kraken,btc_eur,9134.9,1601466777.256873,9134.8,0.30771142,9134.9,2.12971661,9164.18287
Kraken,btc_eur,9136.2,1601466804.249227,9133.4,0.73570596,9136.2,0.59558866,9164.1828
Kraken,btc_eur,9136.2,1601466804.349464,9133.4,0.73570596,9136.2,0.58563505,9164.18263
Kraken,btc_eur,9136.2,1601466808.945805,9133.4,0.73570596,9136.2,0.50173505,9164.18125
Kraken,btc_usd,10695.7,1601466809.379391,10695.6,0.001,10695.7,15.00759401,10728.7638
Kraken,btc_eur,9132.9,1601466820.78314,9132.9,1.54731596,9136.2,0.50173505,9164.14463
Kraken,btc_eur,9136.2,1601466820.810365,9132.9,1.54731596,9136.2,0.47609213,9164.14421
Kraken,eth_eur,301.99,1601466852.725826,301.89,8.5,301.99,29.71870822,302.97371
Kraken,btc_eur,9132.6,1601466854.425855,9132.6,0.39825557,9134.9,0.01785298,9164.14418
Kraken,btc_eur,9131.3,1601466859.116499,9131.3,1.9505,9134.9,0.01785298,9164.14322
Kraken,btc_eur,9135.6,1601466860.296399,9131.6,0.05321909,9135.6,1.78474511,9164.13112
Kraken,btc_eur,9135.6,1601466860.59468,9131.6,0.05321909,9135.6,1.7738273,9164.13093
Kraken,eth_usd,353.37,1601466861.081419,353.37,1.25818197,353.4,100.0,355.36212
Kraken,btc_eur,9135.6,1601466861.687048,9132.2,0.02677947,9135.6,1.75083853,9164.13055
Kraken,btc_eur,9132.2,1601466864.595726,9132.2,0.02077947,9135.4,0.305,9164.13043
Kraken,btc_eur,9136.6,1601466869.943763,9133.4,0.02377947,9136.6,0.14,9164.1246
Kraken,btc_eur,9136.8,1601466873.881532,9134.1,0.02377947,9136.8,0.06093766,9164.12403
Kraken,btc_eur,9136.6,1601466877.982685,9134.0,2.0,9136.6,1.84005649,9164.12124
Kraken,btc_eur,9135.9,1601466880.690286,9135.7,0.08865358,9135.9,0.56673907,9164.12084
Kraken,btc_eur,9135.9,1601466881.086715,9134.8,2.0,9135.9,0.54638903,9164.1205
Kraken,btc_eur,9135.9,1601466881.510917,9134.8,2.0,9135.9,0.51958395,9164.12006
Kraken,btc_eur,9135.9,1601466881.934813,9134.8,2.0,9135.9,0.51557077,9164.11999
Kraken,btc_eur,9134.8,1601466882.362383,9134.8,1.95136095,9135.9,0.51557077,9164.11915
Kraken,eth_eur,302.02,1601466883.524137,302.02,5.23897838,302.03,0.17972,302.97329
Kraken,btc_eur,9135.9,1601466886.900254,9134.8,1.95136095,9135.9,0.50561499,9164.11899
Kraken,btc_eur,9135.6,1601466891.519817,9133.6,0.36,9135.6,0.26312325,9164.11785
Kraken,btc_usd,10695.7,1601466905.073784,10695.6,0.001,10695.7,13.72563904,10728.76036
Kraken,btc_eur,9136.6,1601466907.441006,9134.6,0.03570596,9136.6,1.14505649,9164.10162
Kraken,eth_usd,353.45,1601466921.230989,353.45,5.39658886,353.53,30.0,355.3618
Kraken,eth_usd,353.45,1601466921.236722,353.45,5.32,353.53,30.0,355.36179
Kraken,btc_eur,9137.7,1601466931.411166,9137.7,0.1604,9139.3,0.8,9164.09852
Kraken,eth_eur,302.03,1601466936.20477,302.02,76.58184592,302.03,0.10872,302.97328
Kraken,btc_eur,9138.0,1601466946.126303,9138.0,1.85135585,9140.4,0.47,9164.09623
Kraken,btc_eur,9137.7,1601466948.518748,9137.6,0.36,9137.7,2.47822209,9164.0959
Kraken,btc_eur,9137.7,1601466948.810966,9137.6,0.36,9137.7,2.46892665,9164.09575
Kraken,btc_eur,9134.8,1601466964.79715,9134.8,0.00084719,9137.7,2.0,9164.09488
Kraken,eth_eur,302.02,1601466964.811212,302.02,39.08264631,302.03,0.10872,302.97326
Kraken,btc_eur,9134.7,1601466973.45198,9134.7,0.34205428,9134.8,0.5,9164.09434
Kraken,btc_eur,9136.7,1601466980.775514,9134.8,0.01305428,9136.7,1.99421,9164.09425
Kraken,eth_eur,301.97,1601466981.374526,301.97,30.86397838,302.03,0.10872,302.97297
Kraken,eth_eur,302.02,1601466983.723973,301.98,6.0,302.02,26.7,302.97251
Kraken,btc_eur,9134.9,1601466986.065143,9134.8,0.01305428,9134.9,0.41602,9164.09281
Kraken,btc_eur,9131.4,1601466987.989761,9131.4,0.24009337,9137.7,2.0,9164.00241
Kraken,eth_usd,353.39,1601466996.069575,353.39,32.57595233,353.47,17.23676246,355.36167
Kraken,btc_usd,10695.6,1601467005.337449,10695.6,0.109,10695.7,20.04269041,10728.7598
Kraken,btc_eur,9135.9,1601467007.402571,9135.4,1.01,9135.9,1.78220929,9163.99882
Kraken,btc_eur,9136.2,1601467011.297688,9135.4,1.01,9136.2,0.69972987,9163.99849
Kraken,eth_usd,353.51,1601467015.28995,353.43,2.545,353.51,2.46519,355.36163
Kraken,btc_eur,9139.8,1601467017.85768,9136.9,0.329,9139.8,0.80582917,9163.99818
Kraken,eth_eur,302.02,1601467020.827597,302.02,59.42,302.03,0.10872,302.97224
Kraken,eth_eur,302.02,1601467021.181239,302.02,49.42,302.03,0.10872,302.97085
Kraken,eth_eur,302.02,1601467021.469931,302.02,9.42,302.03,0.10872,302.96947
Kraken,eth_usd,353.55,1601467021.538785,353.45,1.2,353.55,103.56357,355.36004
Kraken,eth_usd,353.53,1601467022.07007,353.46,2.465,353.53,3.99011226,355.35846
Kraken,eth_eur,302.02,1601467022.079406,302.02,1.42,302.03,0.10872,302.96809
Kraken,eth_eur,302.01,1601467022.931043,302.01,24.045,302.03,0.10872,302.9667
Kraken,eth_usd,353.53,1601467022.939602,353.46,2.465,353.53,23.99011226,355.35688
Kraken,eth_eur,302.01,1601467023.7116,302.01,14.045,302.03,0.10872,302.96531
Kraken,eth_usd,353.53,1601467023.716906,353.46,2.465,353.53,13.99011226,355.35531
Kraken,eth_eur,302.01,1601467024.006934,302.01,8.70420797,302.03,0.10872,302.96457
Kraken,eth_usd,353.55,1601467024.013941,353.46,2.465,353.55,95.567673,355.35375
Kraken,eth_usd,353.55,1601467024.596229,353.47,2.505,353.55,90.22688097,355.35292
Kraken,btc_usd,10695.7,1601467024.671023,10695.6,0.109,10695.7,16.90512235,10728.75946
Kraken,btc_eur,9138.8,1601467031.811984,9135.6,0.329,9138.8,0.77560934,9163.99782
Kraken,btc_eur,9138.8,1601467032.27337,9135.7,0.2,9138.8,0.76970738,9163.99773
Kraken,btc_eur,9138.8,1601467032.682377,9135.8,0.23,9138.8,0.7452471,9163.99737
Kraken,btc_eur,9135.9,1601467033.096994,9135.9,0.18931769,9138.8,0.7452471,9163.99662
Kraken,btc_eur,9135.9,1601467033.542387,9135.9,0.14522388,9138.8,0.7452471,9163.99589
Kraken,btc_eur,9135.9,1601467033.993826,9135.9,0.09720853,9138.8,0.7452471,9163.9951
Kraken,btc_eur,9138.8,1601467034.100478,9135.9,0.09720853,9138.8,0.51907308,9163.99176
Kraken,btc_eur,9138.3,1601467041.915632,9136.2,0.329,9138.3,0.50597631,9163.99156
Kraken,btc_eur,9136.2,1601467042.00429,9136.2,0.299441,9137.9,2.0,9163.99108
Kraken,btc_eur,9137.6,1601467061.119035,9136.2,0.299441,9137.6,0.40510001,9163.99085
Kraken,eth_eur,301.89,1601467063.872036,301.88,1.47987,301.89,6.62372632,302.96319
Kraken,btc_eur,9137.5,1601467074.566108,9135.4,0.299441,9137.5,1.99781074,9163.99081
Kraken,btc_eur,9137.5,1601467076.882117,9135.4,0.299441,9137.5,0.99781074,9163.97529
Kraken,btc_eur,9137.0,1601467079.607851,9136.3,0.51,9137.0,1.91583671,9163.97396
Kraken,btc_eur,9136.3,1601467083.88153,9136.3,0.45008,9136.4,3.315,9163.97299
Kraken,btc_usd,10695.7,1601467085.090503,10695.6,0.109,10695.7,16.92255995,10728.74577
Kraken,btc_eur,9134.7,1601467089.280971,9134.7,0.20063827,9135.9,2.0,9163.9713
Kraken,btc_eur,9135.9,1601467089.560353,9134.7,0.20063827,9135.9,1.7303,9163.96686
Kraken,btc_eur,9135.9,1601467089.633191,9134.7,0.20063827,9135.9,1.72569016,9163.96678
Kraken,btc_eur,9135.0,1601467102.157006,9134.7,0.20063827,9135.0,1.30205278,9163.96659
Kraken,btc_eur,9134.8,1601467102.930403,9134.7,0.20063827,9134.8,0.39081242,9163.96473
Kraken,eth_usd,353.35,1601467109.265852,353.11,0.25297688,353.36,277.08217198,355.35246
Kraken,btc_eur,9133.9,1601467111.486858,9133.9,1.37930527,9134.6,0.54,9163.96375
Kraken,btc_eur,9133.9,1601467113.27364,9133.9,1.04328527,9134.3,2.0,9163.95783
Kraken,btc_eur,9134.3,1601467113.44677,9133.9,1.04328527,9134.3,1.99418188,9163.95773
Kraken,btc_usd,10695.6,1601467114.654449,10690.9,0.001,10695.7,20.13657369,10728.74197
Kraken,eth_eur,301.56,1601467114.858563,301.56,5.79874755,301.79,7.47622632,302.96289
Kraken,btc_eur,9133.9,1601467127.999165,9133.9,0.98194527,9134.0,3.6,9163.95665
Kraken,btc_eur,9133.9,1601467137.860523,9133.9,0.96994527,9134.0,3.6,9163.95644
Kraken,eth_eur,301.7,1601467140.847047,301.64,6.0,301.7,29.97567426,302.96289
Kraken,btc_eur,9134.0,1601467142.772563,9133.9,0.96994527,9134.0,3.5895,9163.95626
Kraken,btc_eur,9133.9,1601467143.645389,9133.9,0.64448227,9134.0,3.5895,9163.95053
Kraken,eth_usd,353.12,1601467144.333056,353.11,3.05999999,353.12,63.84523558,355.35186
Kraken,eth_eur,301.61,1601467145.642223,301.61,5.99994347,301.68,30.0,302.96272
Kraken,btc_eur,9133.9,1601467145.645912,9130.8,0.0054,9134.0,3.5895,9163.93919
Kraken,eth_usd,353.12,1601467145.763544,353.11,3.05999999,353.12,62.99267905,355.3517
Kraken,btc_usd,10691.0,1601467145.772177,10690.9,0.001,10691.0,14.84611707,10728.71664
Kraken,btc_eur,9131.4,1601467146.810056,9131.4,0.60918644,9132.1,0.885,9163.93742
Kraken,btc_eur,9131.1,1601467147.756939,9131.1,0.61065225,9132.4,2.0,9163.93117
Kraken,btc_eur,9132.4,1601467148.710589,9132.3,0.14389927,9132.4,1.9222446,9163.92974
Kraken,btc_eur,9132.4,1601467150.098931,9131.9,0.70204731,9132.4,1.6219443,9163.9242
Kraken,btc_eur,9132.0,1601467154.499429,9131.9,0.70204731,9132.0,0.82077935,9163.92122
Kraken,btc_eur,9134.5,1601467155.897918,9131.9,0.70204731,9134.5,0.29568822,9163.92116
Kraken,btc_eur,9134.1,1601467156.318561,9131.1,0.61065225,9134.1,1.97469541,9163.92072
Kraken,btc_eur,9134.1,1601467156.732835,9131.1,0.61065225,9134.1,1.95326663,9163.92035
Kraken,btc_eur,9133.6,1601467157.442153,9131.1,0.61065225,9133.6,1.97343604,9163.91987
Kraken,btc_eur,9133.6,1601467157.867352,9131.1,0.61065225,9133.6,1.94607694,9163.91939
Kraken,btc_eur,9133.1,1601467158.290024,9132.7,0.70213831,9133.1,1.97729268,9163.91898
Kraken,btc_eur,9132.7,1601467158.711399,9132.7,0.64062315,9133.1,1.97729268,9163.91786
Kraken,btc_eur,9132.7,1601467159.154068,9132.7,0.59841511,9133.1,1.97729268,9163.91709
Kraken,btc_eur,9132.7,1601467168.259781,9132.5,0.702112,9132.8,3.345,9163.90616
Kraken,eth_eur,301.59,1601467168.267655,301.59,3e-08,301.61,37.90247632,302.96153
Kraken,btc_usd,10691.0,1601467168.395993,10690.9,0.001,10691.0,14.9077884,10728.69315
Kraken,eth_usd,353.12,1601467168.408549,353.11,3.05999999,353.12,160.77402808,355.35055
Kraken,eth_eur,301.55,1601467171.003002,301.55,21.22324564,301.59,30.0,302.96152
Kraken,btc_eur,9132.4,1601467173.674044,9132.3,0.61,9132.4,3.59772402,9163.90612
Kraken,btc_usd,10690.9,1601467174.418092,10684.7,0.125,10691.0,17.4077884,10728.69311
Kraken,btc_usd,10682.9,1601467175.890837,10682.8,0.93611525,10684.1,0.00922322,10728.66985
Kraken,btc_eur,9130.9,1601467176.714643,9130.8,0.0054,9130.9,3.58584504,9163.90585
Kraken,eth_usd,353.11,1601467179.706827,353.1,3.5,353.12,168.12925551,355.34996
Kraken,btc_eur,9130.9,1601467180.955876,9130.8,0.0054,9130.9,1.50194504,9163.90423
Kraken,btc_usd,10680.9,1601467193.042497,10680.8,0.0533,10680.9,5.54508079,10728.66969
Kraken,btc_usd,10680.8,1601467193.50035,10680.8,0.58725958,10680.9,2.00922322,10728.6671
Kraken,eth_usd,353.1,1601467196.236142,352.85,4.85,353.11,155.12675267,355.34868
Kraken,btc_eur,9130.8,1601467196.889669,9129.7,0.008,9130.9,5.9807206,9163.90413
Kraken,btc_eur,9129.8,1601467200.838622,9129.7,0.008,9129.8,5.69721077,9163.90404
Kraken,btc_eur,9129.8,1601467204.365669,9129.7,0.008,9129.8,6.58959312,9163.90374
Kraken,btc_eur,9129.8,1601467204.708028,9129.7,0.008,9129.8,6.58685512,9163.90369
Kraken,eth_eur,301.32,1601467205.693739,301.32,7.13510456,301.4,37.90247632,302.96128
Kraken,eth_eur,301.32,1601467205.704646,301.32,6.72273713,301.4,37.90247632,302.96118
Kraken,eth_eur,301.32,1601467205.811281,301.32,4.01273301,301.4,37.90247632,302.96054
Kraken,btc_eur,9128.8,1601467205.811771,9128.8,0.54234851,9129.8,6.37656703,9163.90332
Kraken,eth_eur,301.32,1601467205.812235,301.32,1.89707109,301.4,37.90247632,302.96004
Kraken,btc_eur,9128.8,1601467205.812695,9128.8,0.52759263,9129.8,6.37656703,9163.90302
Kraken,eth_eur,301.32,1601467205.813155,301.32,1.11873088,301.4,37.90247632,302.95985
Kraken,btc_eur,9128.8,1601467205.813615,9128.8,0.51266975,9129.8,6.37656703,9163.90271
Kraken,eth_eur,301.29,1601467205.814075,301.29,0.97190014,301.4,37.90247632,302.95934
Kraken,eth_eur,301.28,1601467205.814535,301.28,1.89575765,301.4,37.90247632,302.95908
Kraken,eth_eur,301.27,1601467205.886606,301.27,28.11737773,301.4,37.90247632,302.95857
Kraken,btc_eur,9128.8,1601467205.887208,9128.8,0.49843117,9129.8,6.37656703,9163.90242
Kraken,eth_eur,301.27,1601467205.887691,301.27,22.80979863,301.4,37.90247632,302.95728
Kraken,eth_eur,301.27,1601467205.88817,301.27,19.66333928,301.4,37.90247632,302.95651
Kraken,eth_eur,301.27,1601467205.888648,301.27,11.32216836,301.4,37.90247632,302.95449
Kraken,eth_eur,301.27,1601467205.889127,301.27,10.58800321,301.4,37.90247632,302.95431
Kraken,btc_eur,9128.8,1601467205.889605,9128.8,0.47994039,9129.8,6.37656703,9163.90204
Kraken,eth_eur,301.27,1601467205.890083,301.27,8.99659579,301.4,37.90247632,302.95393
Kraken,eth_eur,301.27,1601467205.895495,301.27,7.95162312,301.4,37.90247632,302.95367
Kraken,eth_eur,301.27,1601467205.896024,301.27,6.89272602,301.4,37.90247632,302.95342
Kraken,eth_eur,301.27,1601467205.896487,301.27,5.91734562,301.4,37.90247632,302.95318
Kraken,eth_eur,301.27,1601467205.896947,301.27,5.00121485,301.4,37.90247632,302.95296
Kraken,eth_eur,301.27,1601467205.897407,301.27,3.94220036,301.4,37.90247632,302.9527
Kraken,btc_eur,9128.8,1601467205.897866,9128.8,0.46422229,9129.8,6.37656703,9163.90172
Kraken,btc_eur,9128.8,1601467205.89835,9128.8,0.41527004,9129.8,6.37656703,9163.90071
Kraken,eth_eur,301.27,1601467205.898814,301.27,1.23695711,301.4,37.90247632,302.95205
Kraken,eth_eur,301.27,1601467205.899279,301.27,0.92402505,301.4,37.90247632,302.95197
Kraken,eth_eur,301.25,1601467205.902079,301.25,28.33258228,301.4,37.90247632,302.95174
Kraken,btc_eur,9128.8,1601467205.908146,9128.8,0.38505604,9129.8,6.37656703,9163.90009
Kraken,eth_eur,301.25,1601467205.912668,301.25,27.27177749,301.4,37.90247632,302.95149
Kraken,eth_eur,301.25,1601467205.918402,301.25,26.3314914,301.4,37.90247632,302.95126
Kraken,eth_eur,301.25,1601467205.923105,301.25,23.64781676,301.4,37.90247632,302.9506
Kraken,eth_eur,301.25,1601467205.931084,301.25,22.72241967,301.4,37.90247632,302.95037
Kraken,eth_eur,301.25,1601467205.939748,301.25,19.76387652,301.4,37.90247632,302.94965
Kraken,eth_eur,301.25,1601467205.948362,301.25,17.72652191,301.4,37.90247632,302.94916
Kraken,eth_eur,301.24,1601467205.957334,301.24,31.04177915,301.39,60.0,302.94405
Kraken,btc_eur,9128.8,1601467206.190788,9128.8,0.36744495,9128.9,0.00123522,9163.89973
Kraken,eth_eur,301.25,1601467206.362973,301.25,29.4576512,301.38,121.90247632,302.94392
Kraken,btc_eur,9128.8,1601467206.384453,9128.8,0.33178217,9128.9,0.00123522,9163.899
Kraken,eth_eur,301.26,1601467206.469234,301.26,5.56593024,301.38,121.90247632,302.94381
Kraken,eth_eur,301.26,1601467206.583174,301.26,4.50693376,301.38,121.90247632,302.94356
Kraken,eth_eur,301.26,1601467206.592936,301.26,3.68446345,301.38,121.90247632,302.94336
Kraken,btc_eur,9128.8,1601467206.598557,9128.8,0.27745078,9128.9,0.50123522,9163.89789
Kraken,eth_eur,301.25,1601467206.606321,301.25,26.73168657,301.38,121.90247632,302.94181
Kraken,btc_eur,9128.8,1601467206.616474,9128.8,0.26707352,9128.9,0.50123522,9163.89767
Kraken,btc_eur,9128.8,1601467206.7746,9128.8,0.2491541,9128.9,2.50123522,9163.8973
Kraken,eth_eur,301.24,1601467206.782992,301.24,30.61590061,301.32,21.26616377,302.94171
Kraken,btc_eur,9128.8,1601467206.795225,9128.8,0.15967621,9128.9,2.50123522,9163.89547
Kraken,btc_eur,9128.8,1601467206.815964,9128.8,0.12390837,9128.9,2.50123522,9163.89474
Kraken,btc_eur,9128.8,1601467206.827173,9128.8,0.07089328,9128.9,2.50123522,9163.89365
Kraken,btc_eur,9128.0,1601467206.848239,9128.0,1.04762666,9128.9,2.50123522,9163.89073
Kraken,btc_eur,9128.0,1601467206.878039,9128.0,1.03525291,9128.9,2.50123522,9163.89047
Kraken,btc_eur,9128.0,1601467206.905126,9128.0,0.98957494,9128.1,0.5,9163.88952
Kraken,btc_eur,9128.0,1601467206.957459,9128.0,0.9717261,9128.1,0.5,9163.88914
Kraken,btc_eur,9128.0,1601467206.972295,9128.0,0.95528802,9128.1,0.5,9163.8888
Kraken,btc_eur,9128.0,1601467206.994621,9128.0,0.93767768,9128.1,0.5,9163.88843
Kraken,btc_eur,9128.0,1601467207.051342,9128.0,0.92223515,9128.1,2.50123522,9163.8881
Kraken,btc_eur,9128.0,1601467207.124453,9128.0,0.90438762,9128.1,2.50123522,9163.88773
Kraken,btc_eur,9128.0,1601467207.124984,9128.0,0.85878518,9128.1,2.50123522,9163.88677
Kraken,btc_eur,9128.0,1601467207.145864,9128.0,0.85350208,9128.1,3.20376995,9163.88666
Kraken,eth_eur,301.24,1601467207.157375,301.24,30.15333469,301.31,7.90247632,302.9416
Kraken,eth_eur,301.24,1601467207.206551,301.24,29.26441307,301.31,7.90247632,302.94138
Kraken,btc_eur,9128.0,1601467207.213602,9128.0,0.83759526,9128.1,3.20376995,9163.88633
Kraken,btc_eur,9128.0,1601467207.28695,9128.0,0.80141329,9128.1,3.20376995,9163.88557
Kraken,btc_eur,9128.0,1601467207.287437,9128.0,0.7858182,9128.1,3.20376995,9163.88524
Kraken,btc_eur,9128.0,1601467207.28789,9128.0,0.75891675,9128.1,3.20376995,9163.88468
Kraken,btc_eur,9128.0,1601467207.288343,9128.0,0.71368929,9128.1,3.20376995,9163.88373
Kraken,btc_eur,9128.0,1601467207.332266,9128.0,0.67935567,9128.1,3.20376995,9163.88301
Kraken,eth_eur,301.24,1601467207.3583,301.24,28.82526896,301.31,7.90247632,302.94128
Kraken,btc_usd,10680.9,1601467207.36947,10680.8,0.0013,10680.9,9.35368719,10728.66681
Kraken,btc_eur,9128.0,1601467207.384505,9128.0,0.32533847,9128.1,3.20376995,9163.87559
Kraken,btc_eur,9128.0,1601467207.391476,9128.0,0.30745655,9128.1,3.20376995,9163.87522
Kraken,eth_eur,301.24,1601467207.653311,301.24,27.36123856,301.31,7.90247632,302.94092
Kraken,btc_eur,9128.0,1601467207.899477,9128.0,0.28960798,9128.1,3.20376995,9163.87484
Kraken,btc_eur,9128.0,1601467207.916316,9128.0,0.23975263,9128.1,4.30376995,9163.8738
Kraken,btc_eur,9128.0,1601467207.95827,9128.0,0.22588815,9128.1,4.30376995,9163.87351
Kraken,eth_eur,301.24,1601467208.010324,301.24,25.76233063,301.28,30.0,302.94053
Kraken,btc_eur,9128.0,1601467208.029573,9128.0,0.11783483,9128.1,4.30376995,9163.87124
Kraken,btc_eur,9128.0,1601467209.365101,9128.0,0.1047186,9128.1,4.59945817,9163.87097
Kraken,btc_eur,9128.0,1601467209.910183,9128.0,0.07789406,9128.1,4.59945817,9163.8704
Kraken,btc_eur,9128.1,1601467210.73562,9128.0,0.07789406,9128.1,4.59450247,9163.8703
Kraken,btc_usd,10680.8,1601467212.271648,10679.3,0.001,10680.9,12.96676261,10728.66674
Kraken,eth_usd,352.8,1601467214.782523,352.77,109.75669699,352.81,161.54011253,355.34725
Kraken,eth_eur,301.21,1601467215.680982,301.19,8.0,301.21,0.69884309,302.9392
Kraken,btc_usd,10679.4,1601467215.848622,10679.3,0.001,10679.4,11.5432396,10728.66663
Kraken,eth_eur,301.19,1601467215.954307,301.19,7.44388986,301.21,0.69884309,302.93907
Kraken,btc_eur,9126.8,1601467218.261142,9126.8,0.30382773,9128.1,4.59450247,9163.86629
Kraken,eth_eur,301.19,1601467218.302428,301.19,7.23732418,301.21,0.69884309,302.93901
Kraken,btc_usd,10678.1,1601467218.811948,10678.1,0.65588439,10679.4,16.13243495,10728.66412
Kraken,eth_usd,352.77,1601467219.382255,352.77,34.75669699,352.78,191.96567648,355.33075
Kraken,eth_usd,352.77,1601467219.435094,352.75,0.25384826,352.78,191.96567648,355.32279
Kraken,eth_usd,352.75,1601467221.416474,352.75,4.826e-05,352.76,199.26171712,355.32273
Kraken,eth_usd,352.75,1601467221.548071,352.5,0.17745194,352.76,220.80171712,355.32273
Kraken,eth_usd,352.5,1601467223.661925,352.5,5.194e-05,352.51,216.72322728,355.32269
Kraken,eth_usd,352.4,1601467223.919212,352.4,75.05538442,352.51,233.77629676,355.32257
Kraken,eth_usd,352.4,1601467225.900414,352.4,57.08892981,352.41,115.07644007,355.31811
Kraken,btc_usd,10672.0,1601467226.030771,10672.0,0.80310773,10674.2,10.85815643,10728.60621
Kraken,btc_usd,10674.2,1601467226.038854,10672.0,0.80310773,10674.2,10.85715643,10728.60615
Kraken,btc_usd,10672.0,1601467227.037308,10672.0,11.10310773,10673.3,0.00922322,10728.60027
Kraken,eth_usd,352.4,1601467227.190128,352.25,100.0,352.41,195.50906374,355.30402
Kraken,eth_usd,352.25,1601467227.367299,352.25,95.00004826,352.26,6.1618282,355.30273
Kraken,eth_eur,301.0,1601467227.422604,301.0,0.00192561,301.19,227.63050857,302.93624
Kraken,eth_usd,352.25,1601467227.474957,352.25,90.00004826,352.26,36.80660077,355.30144
Kraken,eth_usd,352.25,1601467227.507733,352.25,85.00004826,352.26,71.80660077,355.30016
Kraken,btc_eur,9126.5,1601467227.524534,9126.5,1.00663722,9126.6,5.49992344,9163.86564
Kraken,eth_usd,352.25,1601467227.776415,352.25,4.826e-05,352.26,166.50460077,355.27842
Kraken,eth_usd,352.25,1601467227.78231,352.21,0.17473123,352.26,152.50460077,355.27842
Kraken,eth_eur,300.93,1601467227.78804,300.8,1.38983216,300.94,139.73652316,302.93619
Kraken,eth_eur,300.8,1601467227.795072,300.8,1.18983216,300.94,139.73652316,302.93613
Kraken,eth_usd,352.03,1601467227.893997,352.01,0.7175577,352.22,6.10577984,355.27717
Kraken,eth_eur,300.9,1601467228.254513,300.69,1.39034056,300.9,14.17489027,302.93589
Kraken,eth_usd,352.0,1601467228.491028,352.0,335.32430902,352.01,22.17077984,355.27305
Kraken,eth_usd,352.0,1601467228.501241,352.0,334.06625822,352.01,22.17077984,355.27271
Kraken,eth_usd,352.0,1601467228.555829,352.0,329.06625822,352.01,115.17077984,355.27134
Kraken,eth_usd,352.0,1601467228.63844,352.0,263.06625822,352.01,100.17077984,355.25337
Kraken,eth_usd,352.0,1601467228.650502,352.0,0.2088841,352.01,100.17077984,355.18374
Kraken,btc_usd,10672.0,1601467230.656905,10672.0,9.51087997,10672.1,13.68803653,10728.57088
Kraken,eth_usd,351.9,1601467230.778561,351.61,1.6436,351.92,140.5917554,355.18256
Kraken,eth_eur,300.55,1601467231.587173,300.54,34.39796586,300.55,10.883,302.93487
Kraken,eth_eur,300.55,1601467231.601762,300.54,34.39796586,300.55,10.783,302.93484
Kraken,eth_eur,300.54,1601467231.68002,300.54,28.52796586,300.55,10.783,302.93284
Kraken,eth_eur,300.64,1601467231.874893,300.56,1.99187337,300.64,21.28003512,302.93282
Kraken,eth_usd,351.93,1601467241.220622,351.82,15.0,351.93,2.12087325,355.18243
Kraken,btc_usd,10672.1,1601467244.312063,10672.0,11.89411158,10672.1,0.76140835,10728.57075
Kraken,eth_eur,300.7,1601467246.645686,300.57,34.94377773,300.7,29.91301264,302.9328
Kraken,btc_usd,10671.9,1601467251.479221,10671.9,0.36155006,10672.1,7.75222803,10727.93182
Kraken,btc_usd,10672.0,1601467254.312831,10671.9,0.76981459,10672.0,2.98222803,10727.64616
Kraken,eth_usd,351.68,1601467254.632939,351.68,5.00925663,351.8,30.0,355.18186
Kraken,eth_usd,351.67,1601467256.417143,351.67,14.582272,351.73,0.64477257,355.18174
Kraken,eth_usd,351.6,1601467256.918377,351.6,1.93414296,351.73,0.64477257,355.18102
Kraken,eth_usd,351.35,1601467256.960786,351.34,28.4115423,351.73,0.64477257,355.1121
Kraken,eth_usd,351.34,1601467256.98545,351.34,23.4115423,351.35,69.23517461,355.11059
Kraken,eth_usd,351.35,1601467256.985938,351.34,23.4115423,351.35,67.23517461,355.10999
Kraken,eth_eur,300.61,1601467257.20876,300.61,1.83368302,300.62,132.37661578,302.93277
Kraken,eth_usd,351.35,1601467257.238428,351.34,52.5140293,351.35,63.40017568,355.10884
Kraken,eth_usd,351.35,1601467257.326353,351.34,52.5140293,351.35,62.90596982,355.10869
Kraken,eth_usd,351.35,1601467257.339699,351.34,52.5140293,351.35,56.55596982,355.10679
Kraken,eth_usd,351.35,1601467257.352822,351.34,52.5140293,351.35,52.10672699,355.10546
Kraken,eth_usd,351.35,1601467257.410458,351.34,54.45292729,351.35,52.05672699,355.10544
Kraken,eth_usd,351.35,1601467257.706784,351.34,54.45292729,351.35,49.04948639,355.10454
Kraken,btc_usd,10671.9,1601467257.755241,10671.9,0.76857067,10672.0,1.81840354,10727.64608
Kraken,eth_usd,351.35,1601467257.937507,351.34,72.25292729,351.35,46.04434452,355.10364
Kraken,eth_usd,351.35,1601467258.508435,351.34,107.45292729,351.35,36.04434452,355.10066
Kraken,btc_eur,9126.6,1601467258.850529,9126.5,1.08846646,9126.6,7.06812428,9163.86504
Kraken,eth_usd,351.35,1601467258.8934,351.34,118.45870713,351.35,22.69623678,355.09667
Kraken,eth_usd,351.35,1601467259.185252,351.34,108.45870713,351.35,22.05087774,355.09648
Kraken,eth_usd,351.35,1601467259.493251,351.34,108.45870713,351.35,12.69623678,355.0937
Kraken,eth_usd,351.35,1601467259.776332,351.34,108.45870713,351.35,9.48212214,355.09274
Kraken,eth_eur,300.58,1601467259.880824,300.56,2.0,300.58,1.2117515,302.93222
Kraken,eth_usd,351.35,1601467260.106575,351.34,108.45870713,351.35,9.32667394,355.09269
Kraken,eth_eur,300.56,1601467260.247467,300.55,2.07001,300.58,1.2117515,302.93154
Kraken,eth_usd,351.35,1601467260.376609,351.34,108.45870713,351.35,7.32667394,355.0921
Kraken,eth_usd,351.35,1601467260.414745,351.34,108.45870713,351.35,6.32667394,355.0918
Kraken,eth_usd,351.35,1601467261.061487,351.34,108.45870713,351.35,6.18933033,355.09176
Kraken,eth_usd,351.35,1601467261.19436,351.34,108.45870713,351.35,5.69495597,355.09162
Kraken,eth_usd,351.35,1601467261.397229,351.34,106.25870713,351.35,5.2006097,355.09147
Kraken,eth_usd,351.35,1601467261.694447,351.34,107.45870713,351.35,9.7e-06,355.08992
Kraken,eth_usd,351.35,1601467261.816278,351.34,107.45870713,351.5,0.21067415,355.08992
Kraken,eth_usd,351.5,1601467262.243973,351.49,27.47485921,351.5,7.415e-05,355.08986
Kraken,eth_eur,300.55,1601467262.50052,300.55,34.0927638,300.56,25.19230669,302.93129
Kraken,eth_eur,300.56,1601467263.650391,300.55,4.0927638,300.56,34.48030669,302.9309
Kraken,btc_usd,10674.0,1601467264.2387,10672.0,0.58224195,10675.4,0.5,10727.6187
Kraken,btc_eur,9126.5,1601467268.63583,9126.5,1.08657924,9126.6,5.18391779,9163.865
Kraken,eth_eur,300.5,1601467269.099667,300.5,0.00211645,300.56,79.61462147,302.92281
Kraken,eth_eur,300.45,1601467269.107721,300.45,5.9078,300.5,10.40946115,302.92271
Kraken,eth_eur,300.48,1601467270.09018,300.44,10.0,300.48,51.29563103,302.9227
Kraken,btc_usd,10671.9,1601467270.976941,10671.9,1.06786775,10672.0,0.49418032,10727.61574
Kraken,btc_usd,10672.0,1601467271.638975,10671.9,1.06786775,10672.0,1.70229931,10727.61545
Kraken,eth_eur,300.44,1601467276.56933,300.43,0.46350231,300.44,151.08211128,302.92263
Kraken,btc_eur,9126.6,1601467277.381614,9126.5,1.08657924,9126.6,6.66681408,9163.86428
Kraken,eth_eur,300.44,1601467277.739516,300.43,0.46350231,300.44,120.90223128,302.92257
Kraken,btc_eur,9126.6,1601467277.815509,9126.5,1.08657924,9126.6,6.14697564,9163.86384
Kraken,btc_eur,9126.6,1601467280.343622,9126.5,1.08657924,9126.6,6.11244145,9163.86309
Kraken,eth_eur,300.44,1601467280.344252,300.43,0.46350231,300.44,120.72235128,302.9225
Kraken,btc_eur,9126.6,1601467280.344717,9126.5,1.08657924,9126.6,6.07790726,9163.86234
Kraken,btc_eur,9126.6,1601467280.345181,9126.5,1.08657924,9126.6,6.1492823,9163.86178
Kraken,btc_eur,9126.6,1601467280.345644,9126.5,1.08657924,9126.6,6.14193317,9163.86162
Kraken,btc_eur,9126.6,1601467280.346106,9126.5,1.08657924,9126.6,5.158362,9163.84023
Kraken,btc_usd,10672.0,1601467280.346583,10671.9,0.70747887,10672.0,4.18166763,10727.56242
Kraken,eth_eur,300.44,1601467280.347071,300.43,0.46350231,300.44,129.26036,302.92244
Kraken,btc_eur,9126.6,1601467280.364266,9126.5,1.08657924,9126.6,5.13527805,9163.83973
Kraken,eth_eur,300.44,1601467280.597751,300.43,0.46350231,300.44,129.08048,302.92238
Kraken,btc_eur,9126.5,1601467280.79664,9126.5,1.01765946,9126.6,5.13527805,9163.83822
Kraken,btc_eur,9126.5,1601467283.661747,9126.5,1.01761163,9126.6,5.82027805,9163.83822
Kraken,eth_usd,351.45,1601467283.771914,351.45,14.57491605,351.5,7.50007415,355.08986
Kraken,btc_eur,9126.5,1601467284.089589,9126.5,1.01377665,9126.6,5.82027805,9163.83814
Kraken,eth_usd,351.49,1601467292.379529,351.49,192.3887101,351.5,7.415e-05,355.08872
Kraken,eth_eur,300.49,1601467293.449024,300.49,21.19710283,300.5,10.40946115,302.92192
Kraken,eth_eur,300.5,1601467293.457416,300.49,21.19710283,300.5,10.24309948,302.92187
Kraken,eth_eur,300.5,1601467296.351576,300.49,121.01710283,300.5,4.46192409,302.91989
Kraken,eth_eur,300.69,1601467296.507259,300.49,165.74906506,300.69,2.58192409,302.91699
Kraken,eth_usd,351.5,1601467296.512716,351.49,210.87422024,351.75,4.95,355.08872
Kraken,btc_eur,9126.6,1601467303.201591,9126.5,4.13476261,9126.6,0.49627956,9163.83771
Kraken,btc_usd,10672.0,1601467303.740513,10672.0,2.9779699,10672.1,0.0277,10727.1189
Kraken,eth_eur,300.82,1601467304.990142,300.82,3.74969674,300.92,2.0,302.916
Kraken,btc_usd,10672.1,1601467305.473793,10672.0,6.66030125,10672.1,0.01424,10727.11815
Kraken,eth_eur,300.91,1601467305.531675,300.83,10.0,300.91,2.16795617,302.91598
Kraken,btc_eur,9126.5,1601467311.630218,9126.5,6.41378153,9126.6,0.49408817,9163.83766
Kraken,btc_eur,9126.5,1601467313.798265,9126.5,4.04867256,9126.6,0.49408817,9163.83548
Kraken,eth_eur,300.91,1601467314.686348,300.87,10.0,300.91,24.94535,302.91589
Kraken,eth_eur,300.88,1601467315.609578,300.88,0.53711856,300.91,54.94535,302.91494
Kraken,eth_usd,351.83,1601467318.173201,351.82,146.62036839,351.83,5.213e-05,355.0886
Kraken,eth_usd,351.83,1601467318.231509,351.82,224.62036839,351.9,3.5,355.0886
Kraken,btc_usd,10672.1,1601467318.762729,10672.0,9.91731096,10672.1,0.00024,10727.11737
Kraken,btc_usd,10672.1,1601467318.771886,10672.0,9.91731096,10672.5,0.38958094,10727.11736
Kraken,eth_usd,351.9,1601467319.210852,351.89,157.110796,351.9,2.01931696,355.08823
Kraken,eth_usd,351.9,1601467319.220311,351.89,153.13587995,352.01,13.06138851,355.08771
Kraken,eth_usd,352.01,1601467319.395292,352.0,104.10577984,352.01,12.64138851,355.08761
Kraken,eth_usd,352.01,1601467319.425385,352.0,104.10577984,352.01,12.22138851,355.08751
Kraken,eth_eur,300.98,1601467319.661738,300.97,16.19962867,300.98,18.6738164,302.91253
Kraken,btc_usd,10672.5,1601467319.731081,10672.4,7.92221513,10672.5,0.00958094,10727.09637
Kraken,btc_usd,10672.5,1601467319.857828,10672.4,7.92221513,10680.8,7.58295079,10727.09584
Kraken,eth_usd,352.25,1601467320.662558,352.0,155.86137893,352.27,5.1,355.0862
Kraken,btc_eur,9126.5,1601467321.22909,9126.5,7.99060464,9126.6,0.49408817,9163.83445
Kraken,eth_eur,300.98,1601467322.784949,300.97,53.34319493,300.98,0.03997582,302.90807
Kraken,eth_eur,300.98,1601467323.006234,300.97,115.71819493,301.2,2.122085,302.90806
Kraken,btc_usd,10680.8,1601467325.363649,10680.7,2.38240078,10680.8,3.57554152,10727.09525
Kraken,btc_usd,10680.8,1601467325.367731,10680.7,2.38240078,10680.8,3.37554152,10727.08589
Kraken,btc_eur,9126.5,1601467325.815255,9126.5,8.30355768,9126.6,0.49408817,9163.83426
Kraken,btc_eur,9126.6,1601467326.466286,9126.5,8.30355768,9126.6,0.41777194,9163.8326
Kraken,btc_eur,9126.6,1601467330.859599,9126.5,8.30355768,9126.6,0.22961057,9163.82851
Kraken,btc_eur,9126.6,1601467336.772618,9126.5,8.30355768,9126.6,0.11480529,9163.82602
Kraken,btc_eur,9126.6,1601467337.491426,9126.5,8.30355768,9126.6,0.09300089,9163.82554
Kraken,eth_eur,301.24,1601467338.503164,301.23,84.55674717,301.24,0.00054633,302.90797
Kraken,btc_eur,9126.6,1601467339.380208,9126.5,8.30355768,9126.6,0.0908106,9163.8255
Kraken,btc_eur,9126.6,1601467340.082736,9126.5,8.30355768,9126.6,1.06e-05,9163.82353
Kraken,btc_eur,9126.6,1601467340.152192,9126.5,7.90355768,9130.8,0.02465,9163.82353
Kraken,eth_usd,352.5,1601467340.80131,352.49,166.89941333,352.76,1.46990305,355.08549
Kraken,eth_usd,352.77,1601467340.859883,352.5,5.0,352.77,4.99190316,355.08522
Kraken,btc_eur,9133.8,1601467342.454277,9130.7,5.34269853,9133.8,0.26045,9163.82061
Kraken,btc_eur,9135.0,1601467343.385365,9134.9,0.5,9135.0,1.30417632,9163.82057
Kraken,btc_usd,10680.8,1601467344.004691,10680.7,9.08563371,10680.8,2.26642962,10727.03404
Kraken,btc_usd,10680.8,1601467344.087795,10680.7,9.08563371,10680.8,0.14409333,10726.93514
Kraken,eth_eur,301.24,1601467346.774568,301.23,133.06955708,301.55,14.99,302.90797
Kraken,btc_usd,10680.8,1601467347.784753,10680.7,11.95063371,10680.8,0.00409333,10726.92864
Kraken,btc_usd,10680.8,1601467347.822034,10680.7,11.95063371,10690.1,0.125,10726.92845
Kraken,eth_usd,352.8,1601467350.609718,352.79,166.7885477,352.8,53.3222,355.07616
Kraken,eth_usd,352.8,1601467350.730418,352.79,166.7885477,352.8,38.95941544,355.07358
Kraken,eth_usd,352.8,1601467350.827905,352.79,198.63659378,352.8,35.81501544,355.07302
Kraken,eth_usd,352.8,1601467351.8275,352.79,160.63659378,352.8,5.04645252,355.06752
Kraken,eth_usd,352.8,1601467353.585339,352.79,184.63659378,352.8,3.56974879,355.06726
Kraken,eth_usd,352.8,1601467354.62719,352.79,174.03659378,353.1,3.5,355.06662
Kraken,eth_usd,353.1,1601467354.712397,352.96,5.0,353.1,2.0232545,355.06639
Kraken,btc_eur,9135.0,1601467358.759374,9134.9,5.70866109,9135.0,1.29300144,9163.82038
Kraken,btc_eur,9135.0,1601467359.808147,9134.9,5.70866109,9135.0,1.22900144,9163.81931
Kraken,btc_eur,9135.0,1601467360.73552,9134.9,5.30866109,9135.0,1.19800144,9163.81879
Kraken,eth_eur,301.79,1601467361.229558,301.78,18.95504867,301.86,9.0,302.90792
Kraken,btc_eur,9135.0,1601467363.0617,9134.9,5.70866109,9135.0,1.19280835,9163.8187
Kraken,btc_eur,9135.0,1601467365.559423,9134.9,5.70866109,9135.0,1.17180835,9163.81835
Kraken,btc_eur,9135.0,1601467365.668663,9134.9,5.70866109,9135.0,0.57540418,9163.80833
Kraken,btc_eur,9135.0,1601467365.79731,9134.9,5.70866109,9135.0,0.00040418,9163.79867
Kraken,btc_eur,9135.0,1601467365.85578,9134.9,5.73666109,9139.4,0.25,9163.79866
Kraken,btc_eur,9140.3,1601467365.998234,9140.2,0.5,9140.3,0.002226,9163.79854
Kraken,btc_eur,9143.9,1601467366.800591,9140.2,0.82070596,9143.9,0.66753288,9163.79263
Kraken,btc_eur,9143.9,1601467368.295213,9142.8,0.53570596,9143.9,0.15232219,9163.78362
Kraken,btc_eur,9143.9,1601467369.471241,9143.8,0.51578267,9143.9,0.14620619,9163.78355
Kraken,btc_eur,9143.8,1601467371.976585,9143.8,1.11223649,9143.9,0.14620619,9163.78349
Kraken,eth_eur,301.86,1601467372.940855,301.85,22.06962867,301.86,8.83555628,302.90789
Kraken,btc_eur,9142.8,1601467375.847362,9142.8,1.62009956,9144.7,0.25,9163.76189
Kraken,eth_eur,301.86,1601467379.343835,301.85,18.19962867,301.86,7.88555628,302.90775
Kraken,eth_eur,301.83,1601467390.532485,301.83,19.51691171,301.85,0.47746985,302.90725
Kraken,btc_eur,9143.6,1601467393.433719,9143.6,0.13497511,9143.7,0.20475948,9163.76148
Kraken,btc_eur,9143.3,1601467400.010158,9143.2,0.31,9143.3,0.17816516,9163.7613
Kraken,eth_eur,301.8,1601467401.197718,301.8,34.68423197,301.81,7.22891198,302.90674
Kraken,btc_usd,10696.0,1601467405.172982,10695.9,1.25632235,10696.0,3.8671266,10726.61989
Kraken,btc_eur,9146.9,1601467409.454544,9144.3,1.37132908,9146.9,0.21494994,9163.76093
Kraken,eth_eur,301.85,1601467411.872615,301.85,71.66474691,301.86,7.88555628,302.90625
Kraken,btc_eur,9144.6,1601467413.39219,9144.6,0.53068563,9145.7,2.0,9163.75903
Kraken,btc_eur,9146.5,1601467420.613939,9146.4,0.0105,9146.5,1.97718192,9163.7588
Kraken,btc_eur,9146.5,1601467421.100934,9146.4,0.0105,9146.5,1.9538089,9163.75857
Kraken,btc_eur,9147.3,1601467421.851284,9146.4,0.0105,9147.3,0.66750722,9163.75824
Kraken,btc_eur,9148.3,1601467422.288577,9146.6,0.01785298,9148.3,0.08565004,9163.75802
Kraken,btc_eur,9148.3,1601467422.867528,9146.6,0.01785298,9148.3,0.19214807,9163.75779
Kraken,btc_eur,9147.7,1601467423.312568,9147.6,0.01785298,9147.7,0.23316906,9163.75773
Kraken,btc_eur,9147.7,1601467423.742998,9147.6,0.01785298,9147.7,0.39832611,9163.75741
Kraken,btc_eur,9147.7,1601467424.171268,9147.6,0.01785298,9147.7,0.3810448,9163.75725
Kraken,btc_eur,9147.6,1601467424.298934,9147.6,0.01566013,9147.7,0.3810448,9163.75722
Kraken,btc_eur,9147.5,1601467424.590719,9147.5,0.22414322,9147.7,0.3810448,9163.75636
Kraken,btc_eur,9146.6,1601467425.014215,9146.6,0.14696547,9147.9,0.70129701,9163.75538
Kraken,btc_eur,9146.7,1601467425.467646,9146.7,0.144118,9146.8,0.47859712,9163.75448
Kraken,eth_eur,301.86,1601467427.486325,301.85,104.29977354,301.86,0.00555628,302.90509
Kraken,eth_usd,353.1,1601467430.017763,353.09,190.40406944,353.1,1.19637855,355.06626
Kraken,eth_usd,353.1,1601467430.414426,353.09,177.84847035,353.38,5.0,355.06608
Kraken,eth_eur,302.03,1601467430.548306,301.85,138.06743334,302.11,5.1,302.90497
Kraken,btc_eur,9147.8,1601467430.843861,9146.4,0.4,9147.8,0.66926478,9163.75418
Kraken,eth_usd,353.45,1601467430.850142,353.44,47.46500038,353.5,2.76486153,355.06606
Kraken,eth_eur,302.08,1601467430.911959,302.07,9.926,302.18,0.06039,302.90474
Kraken,eth_usd,353.49,1601467431.275676,353.49,47.53246884,353.5,2.76486153,355.06562
Kraken,btc_eur,9148.1,1601467434.537505,9146.9,0.27,9148.2,2.6215,9163.74963
Kraken,btc_eur,9148.2,1601467435.533368,9148.1,0.0105,9148.2,1.72801902,9163.74608
Kraken,eth_eur,302.16,1601467439.677651,302.16,3.68254121,302.17,0.16902148,302.90472
Kraken,eth_eur,302.16,1601467440.173489,302.16,3.50262121,302.17,0.16902148,302.90471
Kraken,eth_eur,302.16,1601467442.373794,302.16,0.36998717,302.17,0.16902148,302.90469
Kraken,eth_eur,302.17,1601467442.887124,302.17,3.12498717,302.18,0.06039,302.90467
Kraken,btc_eur,9149.2,1601467442.993895,9149.2,1.93346993,9150.0,0.94344787,9163.74202
Kraken,btc_eur,9149.9,1601467444.220186,9149.9,1.07791936,9150.0,0.94344787,9163.74196
Kraken,btc_usd,10702.3,1601467444.636141,10700.2,0.05825785,10702.3,0.13969895,10726.61884
Kraken,btc_eur,9151.2,1601467446.57384,9149.9,3.04406298,9154.7,0.01144,9163.74158
Kraken,eth_eur,302.17,1601467448.23362,302.17,68.13148984,302.18,0.06039,302.90465
Kraken,btc_eur,9157.0,1601467448.579688,9154.6,0.50892649,9157.0,0.18710088,9163.73994
Kraken,eth_eur,302.17,1601467448.771568,302.17,77.95156984,302.18,0.06039,302.90463
Kraken,eth_usd,353.5,1601467449.097461,353.49,104.11788145,353.5,0.05486153,355.06529
Kraken,eth_usd,353.5,1601467449.110407,353.49,104.11788145,353.62,4.85,355.06528
Kraken,eth_eur,302.17,1601467449.795792,302.17,73.77164984,302.18,0.06039,302.90461
Kraken,btc_eur,9153.3,1601467450.779115,9153.3,0.69912834,9155.9,2.0,9163.73994
Kraken,btc_usd,10706.7,1601467450.809532,10706.5,0.70069187,10706.7,0.0194751,10726.61881
Kraken,btc_eur,9156.8,1601467450.880173,9153.3,0.69912834,9156.8,0.39612,9163.73992
Kraken,eth_eur,302.18,1601467452.678643,302.17,87.77164984,302.18,9e-05,302.90461
Kraken,btc_eur,9153.5,1601467453.044091,9153.4,0.33,9155.5,2.0,9163.73987
Kraken,btc_usd,10706.5,1601467453.129427,10706.1,0.5,10706.9,0.4,10726.59515
Kraken,btc_eur,9153.4,1601467455.467397,9151.6,0.505,9153.4,0.01592713,9163.73975
Kraken,eth_eur,302.23,1601467457.38376,302.17,132.82332984,302.23,0.00066,302.90457
Kraken,eth_eur,302.23,1601467457.442226,302.18,7.0,302.38,0.7536,302.90457
Kraken,btc_eur,9153.5,1601467458.309358,9153.4,0.50988941,9153.5,0.47116814,9163.73963
Kraken,btc_usd,10706.1,1601467460.008989,10706.0,0.43252994,10706.1,0.47625505,10726.59466
Kraken,btc_usd,10707.8,1601467460.478993,10706.0,0.58,10707.8,0.17871,10726.59453
Kraken,eth_usd,353.7,1601467462.713412,353.69,147.08736773,353.88,4.0,355.06491
Kraken,eth_eur,302.38,1601467463.791399,302.37,111.58320181,302.38,0.0006,302.90451
Kraken,eth_eur,302.46,1601467464.941034,302.37,134.696654,302.46,0.00044,302.9045
Kraken,eth_eur,302.46,1601467465.003645,302.37,134.696654,302.5,1.74071917,302.9045
Kraken,eth_usd,353.88,1601467465.099932,353.87,117.87012962,354.0,3.5,355.06454
Kraken,eth_usd,354.0,1601467465.153759,353.88,41.0,354.0,2.02666275,355.06441
Kraken,btc_usd,10710.4,1601467465.490893,10709.2,1.57842088,10710.4,0.13122286,10726.59451
Kraken,eth_eur,302.55,1601467465.929451,302.49,16.97938021,302.55,0.00428917,302.90439
Kraken,btc_eur,9153.5,1601467466.035677,9153.4,4.41645292,9153.5,0.46381959,9163.73959
Kraken,eth_eur,302.55,1601467466.050927,302.49,22.07938021,302.61,0.02013,302.90439
Kraken,btc_eur,9153.5,1601467468.309624,9153.4,6.47905166,9157.9,0.50597631,9163.73683
Kraken,btc_usd,10713.0,1601467469.392217,10711.9,0.55,10713.0,4.43711945,10726.58297
Kraken,btc_usd,10711.9,1601467469.598125,10711.9,0.54159656,10712.9,0.37286209,10726.58285
Kraken,btc_usd,10713.0,1601467469.619664,10711.9,0.54159656,10713.0,3.95789093,10726.5713
Kraken,btc_usd,10713.0,1601467469.989594,10711.9,0.54159656,10713.0,3.78793585,10726.56901
Kraken,btc_usd,10711.7,1601467470.153134,10710.6,0.70030918,10713.0,3.78793585,10726.53522
Kraken,eth_usd,354.2,1601467473.60959,353.99,104.89322328,354.2,1.11281733,355.06312
Kraken,btc_usd,10712.7,1601467474.707131,10712.4,0.56352823,10712.7,5.42300304,10726.53179
Kraken,btc_usd,10711.6,1601467475.239457,10710.6,0.70030918,10712.7,5.42300304,10726.49599
Kraken,btc_eur,9157.9,1601467477.249434,9157.9,3.30109706,9158.0,5.0,9163.73681
Kraken,btc_usd,10712.7,1601467479.017509,10711.7,0.70015406,10712.7,6.65378615,10726.49569
Kraken,btc_eur,9158.0,1601467479.616131,9157.9,3.30109706,9158.0,4.35,9163.73465
Kraken,btc_eur,9158.0,1601467481.798831,9157.9,3.30109706,9158.0,4.2498999,9163.73432
Kraken,btc_eur,9158.0,1601467481.916213,9157.9,3.30109706,9158.0,4.2104999,9163.73418
Kraken,btc_usd,10711.7,1601467482.583313,10711.4,0.95,10712.5,0.01077409,10726.48544
Kraken,btc_eur,9157.9,1601467483.00375,9157.9,2.80109706,9158.0,4.2104999,9163.73249
Kraken,btc_eur,9158.0,1601467483.428053,9157.9,0.80109706,9158.0,4.18815755,9163.73242
Kraken,btc_eur,9158.0,1601467484.18838,9157.9,1.05707337,9158.0,5.08597367,9163.73241
Kraken,btc_usd,10708.3,1601467488.839619,10708.2,0.9337933,10708.3,0.02917054,10726.48532
Kraken,eth_eur,302.68,1601467490.134501,302.59,6.0,302.68,4.21039,302.90435
Kraken,btc_eur,9157.5,1601467490.427019,9157.5,1.48473154,9158.0,7.31597367,9163.73237
Kraken,btc_eur,9155.7,1601467490.64564,9155.7,0.24974197,9157.5,0.53673756,9163.7323
Kraken,btc_eur,9155.7,1601467493.273691,9155.4,0.29402369,9157.6,0.4,9163.73113
Kraken,btc_usd,10708.9,1601467497.218368,10708.2,0.70053604,10709.6,6.72772598,10726.47837
Kraken,btc_eur,9155.6,1601467505.892239,9155.6,0.95329612,9155.7,0.25025803,9163.73096
Kraken,btc_usd,10710.3,1601467505.90433,10709.4,3.2611,10710.3,3.68765771,10726.47829
Kraken,eth_eur,302.74,1601467507.033152,302.67,5.1,302.76,38.575,302.90434
Kraken,btc_eur,9155.6,1601467507.298821,9155.6,0.43951968,9155.7,0.25025803,9163.73094
Kraken,btc_eur,9155.6,1601467510.629605,9155.6,0.43777127,9155.7,0.28101928,9163.73093
Kraken,btc_eur,9158.0,1601467518.637262,9155.6,1.138263,9158.0,5.30006771,9163.71804
Kraken,btc_eur,9156.5,1601467528.065461,9156.4,0.70052265,9156.5,0.41647,9163.71769
Kraken,btc_eur,9155.2,1601467534.156442,9151.5,0.028,9155.3,3.83268,9163.71523
Kraken,btc_usd,10709.7,1601467534.278545,10709.7,2.6282,10709.8,6.97800889,10726.47
Kraken,btc_usd,10709.8,1601467534.676474,10709.7,2.6282,10709.8,8.85327402,10726.46963
Kraken,btc_usd,10709.7,1601467537.483835,10709.7,2.61721814,10709.8,10.65327402,10726.46945
Kraken,btc_usd,10709.7,1601467538.280319,10709.7,2.60733467,10709.8,11.45327402,10726.46929
Kraken,btc_eur,9153.2,1601467543.045943,9153.2,2.0,9153.3,0.01538062,9163.71219
Kraken,btc_eur,9153.3,1601467543.129534,9153.2,3.43,9153.3,0.01319717,9163.71217
Kraken,btc_eur,9156.2,1601467549.080468,9153.9,0.8,9156.2,0.2251849,9163.71207
Kraken,btc_eur,9156.6,1601467549.522201,9154.8,0.4,9156.6,0.22615494,9163.71197
Kraken,btc_eur,9156.6,1601467550.000222,9154.8,0.4,9156.6,0.19972472,9163.71186
Kraken,btc_eur,9158.0,1601467550.381913,9154.8,0.4,9158.0,3.66798987,9163.71178
Kraken,btc_eur,9158.0,1601467550.834745,9154.8,0.4,9158.0,4.64650409,9163.71171
Kraken,btc_eur,9158.0,1601467551.270691,9154.9,0.555,9158.0,5.02457961,9163.71164
Kraken,btc_eur,9154.9,1601467551.757598,9154.9,0.463604,9157.6,2.0,9163.71117
Kraken,btc_eur,9154.9,1601467552.186995,9154.9,0.41377499,9157.5,0.17,9163.71092
Kraken,btc_eur,9154.8,1601467553.018433,9153.7,0.02141706,9157.5,0.17,9163.70886
Kraken,btc_eur,9156.3,1601467555.917129,9152.9,0.205,9156.3,0.41699259,9163.70532
Kraken,eth_eur,302.47,1601467556.290254,302.47,145.51473439,302.66,38.53,302.89827
Kraken,btc_usd,10709.8,1601467557.448941,10709.7,0.001,10709.8,4.00536279,10726.46922
Kraken,btc_eur,9153.9,1601467557.910075,9153.9,0.73009677,9157.3,0.4,9163.7048
Kraken,btc_usd,10708.0,1601467559.427202,10708.0,0.70014647,10709.8,2.62103309,10726.46919
Kraken,btc_eur,9155.0,1601467562.196613,9155.0,0.00851795,9156.5,0.7005524,9163.70479
Kraken,btc_eur,9155.2,1601467562.992353,9154.7,0.4,9156.5,0.7005524,9163.70474
Kraken,btc_usd,10709.4,1601467564.654443,10709.3,0.70045941,10709.4,0.17672434,10726.46875
Kraken,btc_usd,10709.4,1601467565.241058,10709.3,0.70045941,10709.4,0.16859857,10726.46862
Kraken,btc_eur,9155.2,1601467567.055213,9155.1,0.81584386,9155.2,0.46590081,9163.70463
Kraken,btc_eur,9154.6,1601467583.256156,9151.8,0.1,9154.6,0.02817916,9163.70461
Kraken,btc_eur,9151.8,1601467583.265446,9151.8,0.0975,9154.6,0.02817916,9163.70459
Kraken,btc_eur,9152.6,1601467600.054379,9152.6,0.4208,9153.8,0.70065103,9163.70453
Kraken,btc_eur,9154.7,1601467601.368965,9152.9,0.73598965,9154.7,0.19453978,9163.70424
Kraken,btc_eur,9152.9,1601467601.516298,9152.9,0.63509965,9154.8,0.70068339,9163.70361
Kraken,btc_usd,10708.3,1601467602.219291,10707.1,0.02028865,10708.3,0.49423735,10726.46851
Kraken,btc_eur,9154.8,1601467603.406777,9153.1,0.00589288,9154.8,0.61100848,9163.70315
Kraken,btc_eur,9155.2,1601467604.565813,9153.4,0.81089289,9155.2,0.33577068,9163.70251
Kraken,btc_eur,9155.4,1601467604.662187,9153.4,0.81089289,9155.4,0.22081204,9163.69856
Kraken,btc_eur,9155.5,1601467608.355669,9154.4,0.00589289,9155.5,0.244331,9163.69853
Kraken,btc_usd,10708.3,1601467608.920894,10708.2,1.03606584,10708.3,0.36423735,10726.46618
Kraken,btc_eur,9156.0,1601467613.001095,9155.9,0.70042769,9157.4,0.70054988,9163.69851
Kraken,btc_eur,9155.4,1601467620.90786,9155.4,0.12609268,9156.0,0.49410711,9163.68934
Kraken,btc_eur,9155.0,1601467622.842169,9155.0,0.68961938,9156.0,0.49410711,9163.68929
Kraken,eth_eur,302.57,1601467623.501873,302.46,8.22997358,302.57,12.0388802,302.89824
Kraken,btc_usd,10710.2,1601467624.090406,10710.1,0.33557,10710.2,0.4952513,10726.4661
Kraken,eth_usd,353.88,1601467626.735243,353.88,53.47,353.89,25.71327658,355.06266
Kraken,btc_eur,9155.9,1601467633.76288,9155.9,0.43872103,9156.0,0.49410711,9163.68919
Kraken,btc_eur,9156.0,1601467638.980098,9155.9,0.43872103,9156.0,0.48287298,9163.68914
Kraken,btc_eur,9155.9,1601467652.330253,9154.8,0.38,9155.9,0.00683995,9163.68901
Kraken,btc_usd,10709.9,1601467653.494722,10709.8,1.28639572,10709.9,0.6779,10726.46574
Kraken,btc_eur,9155.0,1601467656.168495,9155.0,0.38063267,9156.0,0.48287298,9163.68898
Kraken,btc_eur,9156.0,1601467664.261394,9155.2,0.435,9156.0,0.46584798,9163.68891
Kraken,btc_eur,9155.3,1601467667.489601,9155.3,0.31,9156.0,0.46584798,9163.68864
Kraken,eth_eur,302.65,1601467670.65837,302.64,0.22997358,302.65,29.02013,302.8982
Kraken,btc_eur,9155.7,1601467679.174556,9155.3,0.38,9155.7,0.69144094,9163.6886
Kraken,btc_eur,9155.2,1601467681.313116,9155.2,0.08664009,9155.7,0.69144094,9163.68854
Kraken,btc_usd,10710.5,1601467682.724156,10710.0,0.70041276,10710.5,1.07254702,10726.46287
Kraken,btc_usd,10712.0,1601467683.826646,10710.0,0.70041276,10712.3,0.133,10726.34942
Kraken,btc_eur,9155.1,1601467684.831327,9155.1,0.30771715,9155.7,0.69144094,9163.68852
Kraken,btc_eur,9155.6,1601467686.918257,9155.1,0.30771715,9155.6,0.37781558,9163.68851
Kraken,btc_eur,9155.5,1601467690.883322,9155.1,0.30771715,9155.5,0.28029567,9163.68849
Kraken,btc_eur,9155.1,1601467692.446085,9155.1,0.2696566,9155.4,0.355,9163.6883
Kraken,eth_eur,302.63,1601467695.301626,302.63,2.8917359,302.64,47.63668254,302.89813
Kraken,eth_eur,302.63,1601467696.169755,302.63,2.5053499,302.64,47.63668254,302.89811
Kraken,btc_eur,9155.5,1601467697.308468,9155.0,0.29,9155.5,0.37357736,9163.68676
Kraken,btc_eur,9155.5,1601467700.035415,9155.0,0.29,9155.5,0.35030255,9163.68665
Kraken,btc_eur,9155.5,1601467700.497247,9155.1,0.46,9155.5,0.32445048,9163.68653
Kraken,btc_eur,9155.5,1601467700.934827,9155.1,0.46,9155.5,0.30143987,9163.68642
Kraken,btc_eur,9155.5,1601467701.356524,9155.1,0.46,9155.5,0.2755878,9163.6863
Kraken,btc_eur,9155.5,1601467701.835048,9155.1,0.46,9155.5,0.25454051,9163.6862
Kraken,btc_eur,9155.5,1601467702.262787,9155.1,0.46,9155.5,0.23020353,9163.68608
Kraken,btc_eur,9155.1,1601467702.754072,9155.1,0.23194271,9155.5,0.23020353,9163.68495
Kraken,btc_eur,9154.8,1601467709.251228,9154.7,1.01942353,9154.8,0.8002733,9163.68426
Kraken,eth_eur,302.41,1601467713.045646,302.39,2.0,302.41,37.34341098,302.89806
Kraken,eth_eur,302.4,1601467713.772827,302.39,2.0,302.4,24.06587568,302.89806
Kraken,eth_eur,302.2,1601467718.617348,302.2,24.25281162,302.28,7.72108186,302.89622
Kraken,btc_eur,9153.6,1601467721.19711,9152.2,0.2029,9153.6,0.00760206,9163.68424
Kraken,btc_eur,9152.2,1601467722.114289,9152.2,0.197419,9152.6,0.00760206,9163.6842
Kraken,btc_eur,9152.0,1601467728.905221,9151.3,0.4,9152.0,0.00417667,9163.68417
Kraken,btc_usd,10712.1,1601467735.568268,10712.0,2.17149012,10712.1,14.35282802,10726.3492
Kraken,btc_eur,9151.4,1601467739.856016,9150.6,0.7497267,9151.4,0.25361262,9163.68415
Kraken,btc_eur,9150.6,1601467739.862597,9150.6,0.7097267,9151.4,0.25361262,9163.68385
Kraken,btc_eur,9150.5,1601467744.37927,9150.5,0.49860051,9150.7,0.25513029,9163.68005
Kraken,btc_usd,10712.1,1601467744.580576,10712.0,2.17149012,10712.1,14.67540929,10726.34553
Kraken,btc_usd,10712.1,1601467745.268542,10712.0,2.17149012,10712.1,14.17165849,10726.34548
Kraken,btc_eur,9150.5,1601467748.425506,9150.5,0.43644051,9150.9,0.00513029,9163.67957
Kraken,btc_eur,9150.5,1601467752.99861,9149.6,0.22911789,9150.6,2.00513029,9163.67626
Kraken,btc_eur,9149.7,1601467760.330309,9148.9,0.93405177,9149.7,1.972236,9163.67603
Kraken,btc_eur,9149.6,1601467760.407233,9148.9,0.93405177,9149.6,0.04169858,9163.67434
Kraken,btc_eur,9149.6,1601467760.482386,9148.9,0.93405177,9149.6,0.0386628,9163.67432
Kraken,btc_usd,10712.0,1601467760.533232,10712.0,1.9631887,10712.1,17.4432205,10726.34255
Kraken,btc_eur,9150.6,1601467762.788185,9149.5,0.5424,9150.6,0.00028978,9163.6738
Kraken,btc_eur,9152.9,1601467764.016855,9151.3,0.3,9152.9,0.69595037,9163.67377
Kraken,btc_eur,9151.0,1601467767.025035,9151.0,0.67571854,9152.4,0.70061252,9163.67232
Kraken,btc_eur,9151.9,1601467768.153234,9151.0,0.02620839,9151.9,1.8745797,9163.67147
Kraken,btc_eur,9151.9,1601467769.413435,9151.0,0.02620839,9151.9,1.85392074,9163.67133
Kraken,btc_eur,9151.8,1601467772.512316,9151.0,0.02620839,9151.8,0.667333,9163.67131
Kraken,btc_usd,10712.1,1601467772.662001,10712.0,1.9631887,10712.1,12.06534286,10726.3416
Kraken,btc_eur,9151.0,1601467773.017744,9150.6,0.70061767,9151.8,0.667333,9163.67112
Kraken,eth_usd,353.88,1601467776.345975,353.88,9.525,353.89,5.52,355.05887
Kraken,btc_eur,9150.7,1601467778.867402,9150.7,1.93930236,9151.0,0.47379161,9163.6659
Kraken,btc_eur,9151.0,1601467783.037118,9150.7,2.33930236,9151.0,0.4379586,9163.66564
Kraken,btc_eur,9151.0,1601467783.599758,9150.7,2.33930236,9151.0,0.4278403,9163.66557
Kraken,btc_usd,10712.1,1601467788.233563,10712.0,1.9631887,10712.1,12.5146997,10726.33811
Kraken,eth_eur,302.41,1601467790.355573,302.41,50.14739508,302.55,1.7,302.89611
Kraken,eth_usd,353.88,1601467792.771354,353.88,63.27955962,353.89,3.0,355.05887
Kraken,btc_eur,9151.0,1601467793.41147,9150.9,0.79387114,9151.0,0.3268403,9163.66483
Kraken,btc_eur,9151.0,1601467794.949221,9150.9,2.27978093,9151.0,0.30200447,9163.66465
Kraken,btc_eur,9151.0,1601467795.223651,9150.9,2.27978093,9151.0,0.28666247,9163.66454
Kraken,btc_eur,9150.9,1601467805.902746,9150.9,2.64669039,9151.0,0.28666247,9163.66417
Kraken,eth_usd,353.89,1601467806.250425,353.88,63.28238582,353.89,3.46528927,355.0588
Kraken,btc_eur,9151.0,1601467812.614515,9150.9,1.92519243,9151.0,0.28256128,9163.66414
Kraken,btc_eur,9151.0,1601467813.98843,9150.9,1.94169039,9151.0,0.17361925,9163.66335
Kraken,btc_eur,9151.0,1601467819.856247,9150.9,1.92519243,9151.0,0.15414729,9163.66321
Kraken,btc_eur,9151.0,1601467821.332226,9150.9,3.94169039,9151.0,0.13486669,9163.66307
Kraken,btc_eur,9151.0,1601467822.709665,9150.9,2.956435,9151.0,0.10516988,9163.66285
Kraken,btc_eur,9151.0,1601467823.165461,9150.9,2.956435,9151.0,0.10145006,9163.66282
Kraken,btc_eur,9150.9,1601467824.060818,9150.9,0.92232416,9151.0,0.12065806,9163.66257
Kraken,btc_eur,9151.0,1601467829.923945,9150.9,0.92232416,9151.0,0.11957342,9163.66256
Kraken,btc_eur,9151.0,1601467831.445659,9150.9,0.92232416,9151.0,0.08943766,9163.66248
Kraken,eth_usd,353.74,1601467834.445472,353.74,20.10894004,353.89,69.87739044,355.05833
Kraken,btc_eur,9151.0,1601467840.471955,9150.9,1.62283546,9152.6,0.4,9163.66183
Kraken,btc_eur,9154.8,1601467845.537194,9152.6,0.01649796,9154.8,0.64891589,9163.66183
Kraken,btc_eur,9154.4,1601467847.919392,9152.5,0.028,9154.4,2.65602512,9163.66159
Kraken,eth_eur,302.4,1601467851.728058,302.37,21.19267829,302.4,15.90198176,302.8961
Kraken,btc_usd,10712.0,1601467859.355563,10712.0,0.51105762,10712.1,1.45500567,10726.33802
Kraken,btc_eur,9154.4,1601467861.61198,9154.3,0.4909,9154.4,3.32911459,9163.66137
Kraken,btc_eur,9154.3,1601467863.253931,9151.8,0.028,9154.4,4.74832259,9163.65872
Kraken,btc_usd,10710.0,1601467864.779042,10709.0,1.15927417,10710.0,6.17351626,10726.32571
Kraken,eth_eur,302.35,1601467865.731677,302.23,6.0,302.35,37.9487615,302.89609
Kraken,eth_eur,302.24,1601467866.209673,302.24,21.17857773,302.35,59.14986586,302.89609
Kraken,btc_eur,9152.5,1601467866.948536,9151.1,0.2029,9152.5,0.548195,9163.65871
Kraken,btc_eur,9152.6,1601467876.978283,9151.9,2.7005425,9152.6,0.00926832,9163.65865
Kraken,btc_eur,9154.1,1601467880.23137,9152.5,0.70050137,9154.1,0.72563051,9163.65852
Kraken,btc_eur,9153.0,1601467882.458096,9153.0,0.69836917,9154.1,0.47563051,9163.65837
Kraken,btc_eur,9155.4,1601467888.570433,9154.2,0.0107339,9155.4,0.22269882,9163.65819
Kraken,btc_eur,9154.9,1601467895.289653,9153.5,0.70039462,9154.9,0.2008,9163.65596
Kraken,btc_eur,9153.9,1601467902.969327,9153.8,0.70037167,9157.4,0.8,9163.6559
Kraken,btc_eur,9153.9,1601467904.413871,9153.8,3.80610557,9157.2,0.8,9163.65315
Kraken,btc_eur,9156.7,1601467905.631094,9155.6,0.00536695,9156.7,1.997156,9163.65314
Kraken,eth_usd,353.89,1601467907.018502,353.88,111.81991059,353.89,0.06928927,355.05802
Kraken,eth_usd,353.89,1601467907.044637,353.88,111.81991059,354.14,5.0,355.05801
Kraken,btc_eur,9156.4,1601467912.924998,9155.6,0.00536695,9156.4,1.99242206,9163.65311
Kraken,btc_usd,10715.1,1601467913.953227,10714.9,0.70020799,10715.4,0.17011866,10726.32108
Kraken,btc_eur,9155.0,1601467914.708391,9155.0,0.20020642,9156.1,2.47563051,9163.65062
Kraken,btc_eur,9156.4,1601467921.63731,9155.5,0.52,9156.4,0.27464374,9163.64676
Kraken,btc_eur,9155.5,1601467922.267401,9155.5,0.51892094,9156.4,0.27464374,9163.64675
Kraken,btc_eur,9156.4,1601467922.324029,9155.5,0.51892094,9156.4,0.26211365,9163.6467
Kraken,btc_eur,9155.5,1601467922.987572,9155.5,0.01892094,9156.4,0.26211365,9163.64436
Kraken,btc_usd,10715.4,1601467924.240614,10715.0,0.001,10715.4,0.15857704,10726.32096
Kraken,btc_eur,9154.8,1601467924.697044,9154.8,0.69528765,9156.2,0.03033901,9163.64433
Kraken,btc_eur,9156.4,1601467933.158122,9155.2,0.70018726,9156.4,0.00475434,9163.64423
Kraken,btc_eur,9155.2,1601467933.231114,9155.2,0.66615841,9156.4,0.00475434,9163.64406
Kraken,eth_eur,302.56,1601467933.282174,302.55,89.98112531,302.56,6.21603409,302.89601
Kraken,btc_eur,9156.5,1601467934.108602,9155.2,0.66615841,9156.5,1.981582,9163.64397
Kraken,btc_eur,9156.4,1601467934.530643,9155.2,0.66615841,9156.4,0.22226543,9163.64385
Kraken,eth_eur,302.85,1601467936.352539,302.71,28.36952036,302.85,3.23303164,302.896
Kraken,btc_eur,9156.4,1601467937.224251,9155.6,0.70013006,9156.4,0.01132906,9163.64383
Kraken,btc_eur,9156.4,1601467937.666308,9155.6,0.70013006,9156.4,0.00829523,9163.64382
Kraken,btc_eur,9157.2,1601467940.766525,9155.6,0.70013006,9157.2,0.22729124,9163.64371
Kraken,eth_eur,302.8,1601467941.293706,302.8,0.22215769,302.88,23.2030579,302.89599
Kraken,btc_usd,10715.5,1601467946.515279,10715.3,1.16752357,10715.5,0.17455275,10726.3183
Kraken,eth_eur,302.66,1601467949.424541,302.66,12.28559711,302.73,28.78740633,302.8957
Kraken,eth_usd,354.29,1601467957.366192,354.29,49.0,354.3,3.5,355.05771
Kraken,btc_eur,9157.5,1601467959.205999,9157.1,0.70000826,9157.5,0.91058529,9163.6436
Kraken,eth_eur,302.77,1601467960.534698,302.77,0.69507746,302.87,30.0,302.8957
Kraken,btc_eur,9157.5,1601467961.441102,9157.3,0.70000495,9157.5,0.90552973,9163.64359
Kraken,btc_usd,10716.5,1601467969.849302,10716.4,1.0261678,10716.5,0.55244679,10726.31822
Kraken,eth_eur,302.87,1601467973.711311,302.86,4.24416036,302.87,1.30000124,302.8957
Kraken,btc_eur,9158.0,1601467974.326291,9157.8,0.02812121,9158.0,3.61951245,9163.64357
Kraken,btc_eur,9157.9,1601467975.491064,9157.8,0.02812121,9157.9,0.39767079,9163.64323
Kraken,btc_eur,9155.0,1601467983.2082,9155.0,0.20028501,9157.0,0.00758475,9163.64075
Kraken,eth_usd,354.29,1601467984.693127,354.21,30.0,354.29,6.88275586,355.05766
Kraken,btc_eur,9157.7,1601467985.270141,9155.0,0.20028501,9157.7,0.38084451,9163.63608
Kraken,btc_usd,10715.8,1601467985.275136,10715.7,0.5,10715.8,2.45777337,10726.31818
Kraken,btc_usd,10715.8,1601467986.880874,10715.7,0.5,10715.8,2.42777323,10726.31787
Kraken,btc_eur,9156.1,1601467989.507494,9155.0,0.20028501,9156.1,0.77441953,9163.63597
Kraken,btc_eur,9155.0,1601467989.808035,9155.0,0.14047891,9155.9,2.0,9163.63567
Kraken,btc_eur,9155.6,1601467992.984052,9155.6,0.20029573,9155.7,0.5,9163.63336
Kraken,eth_usd,354.28,1601467997.436784,354.28,30.26592332,354.3,3.5,355.05765
Kraken,btc_usd,10715.8,1601467999.598389,10715.7,0.5,10715.8,2.40141323,10726.3176
Kraken,btc_eur,9158.0,1601468009.623926,9157.1,0.93324506,9158.0,0.28798875,9163.62262
Kraken,eth_usd,354.29,1601468010.699908,354.29,19.22561279,354.3,3.5,355.05705
Kraken,eth_eur,302.87,1601468027.015043,302.78,0.70514246,302.87,17.87221336,302.89569
Kraken,btc_eur,9158.0,1601468028.81529,9157.7,0.29070596,9158.0,0.28349572,9163.6226
Kraken,btc_eur,9158.0,1601468029.247127,9157.9,0.03570596,9158.0,0.26233013,9163.62254
Kraken,btc_eur,9158.0,1601468029.672877,9157.9,0.03570596,9158.0,0.2571415,9163.62252
Kraken,eth_usd,354.29,1601468030.446867,354.29,54.37769019,354.3,4.5,355.05692
Kraken,btc_eur,9158.0,1601468031.156873,9157.9,0.03570596,9158.0,0.14932508,9163.62217
Kraken,btc_usd,10715.8,1601468038.536917,10715.7,3.68026758,10715.8,0.00141323,10726.31246
Kraken,btc_eur,9158.0,1601468045.312841,9157.9,2.24327739,9158.0,0.14425817,9163.62216
Kraken,btc_eur,9158.0,1601468048.800771,9157.9,1.84327739,9160.0,0.15,9163.62169
Kraken,btc_usd,10718.0,1601468060.123221,10715.7,2.8172423,10718.0,5.2676763,10726.31238
Kraken,btc_eur,9158.1,1601468061.221628,9158.0,1.31965207,9158.1,0.47362363,9163.62161
Kraken,btc_eur,9158.1,1601468065.838909,9158.0,1.31965207,9158.1,0.44804316,9163.62153
Kraken,btc_eur,9158.1,1601468075.633262,9158.0,3.31965207,9158.1,0.42421925,9163.62145
Kraken,btc_eur,9158.1,1601468077.538944,9158.0,2.01957876,9158.1,0.4187596,9163.62143
Kraken,eth_eur,302.87,1601468078.612363,302.87,3.69399241,302.88,0.04026,302.89552
Kraken,btc_usd,10718.0,1601468081.503025,10716.0,0.00922322,10718.2,2.36,10726.30899
Kraken,btc_eur,9158.1,1601468086.400782,9158.0,0.66965207,9158.1,3.389,9163.61985
Kraken,btc_eur,9158.1,1601468086.808128,9158.0,0.66965207,9158.1,3.4854602,9163.61984
Kraken,btc_eur,9158.1,1601468093.072043,9158.0,0.66965207,9158.1,1.47368047,9163.61981
Kraken,btc_eur,9158.1,1601468093.354109,9158.0,0.66965207,9158.1,0.91383266,9163.61895
Kraken,btc_eur,9158.1,1601468102.420195,9158.0,0.66965207,9158.1,0.41139451,9163.61893
Kraken,btc_eur,9158.0,1601468102.57484,9158.0,0.63241782,9158.1,0.41139451,9163.61881
Kraken,btc_eur,9158.1,1601468103.957735,9158.0,0.63241782,9158.1,0.40490423,9163.61879
Kraken,eth_usd,354.3,1601468104.244731,354.29,92.43691744,354.43,5.0,355.05665
Kraken,eth_eur,302.85,1601468104.381746,302.84,30.6,302.85,7.48588995,302.89551
Kraken,eth_eur,303.1,1601468105.228493,302.87,36.5977038,303.1,0.45297261,302.89582
Kraken,eth_usd,354.6,1601468106.292148,354.59,6.192,354.6,0.51774755,355.05655
Kraken,btc_usd,10717.1,1601468106.88513,10717.0,9.44748624,10717.1,0.36880477,10726.30871
Kraken,btc_usd,10717.1,1601468107.481801,10717.0,10.14729476,10717.1,0.35159393,10726.30855
Kraken,btc_eur,9160.0,1601468117.794815,9159.9,2.42350596,9160.0,0.12518342,9163.61874
Kraken,btc_usd,10722.2,1601468132.729798,10721.7,0.78004967,10722.2,0.1483087,10726.30851
Kraken,eth_usd,354.6,1601468132.933342,354.59,72.31633695,354.6,0.32216728,355.05654
Kraken,btc_eur,9160.0,1601468133.278804,9159.9,4.04547513,9160.0,0.09960546,9163.61869
Kraken,btc_usd,10722.2,1601468133.639426,10722.1,0.95734489,10722.2,0.14617263,10726.3085
Kraken,eth_usd,354.6,1601468134.369967,354.59,95.52301651,354.6,0.29384788,355.05654
Kraken,btc_usd,10722.2,1601468134.387418,10722.1,3.56518246,10722.2,0.1421172,10726.30849
Kraken,eth_usd,354.6,1601468135.105747,354.59,116.02301651,354.6,0.21812927,355.05653
Kraken,eth_usd,354.6,1601468135.869355,354.59,116.77301651,354.6,0.1937834,355.05653
Kraken,btc_eur,9162.0,1601468138.0335,9159.9,5.51828426,9162.0,9.92983379,9163.61838
Kraken,btc_eur,9162.0,1601468142.437814,9161.9,2.74440597,9162.0,9.89759004,9163.61835
Kraken,btc_eur,9162.0,1601468143.398179,9161.9,2.34440597,9162.0,9.87528592,9163.61833
Kraken,btc_eur,9162.0,1601468143.834052,9161.9,2.34440597,9162.0,9.84975409,9163.61831
Kraken,btc_eur,9162.0,1601468144.31263,9161.9,2.34440597,9162.0,9.82200756,9163.61828
Kraken,btc_eur,9162.0,1601468144.742266,9161.9,2.34440597,9162.0,9.7934725,9163.61826
Kraken,btc_eur,9162.0,1601468145.190857,9161.9,2.34440597,9162.0,9.75612062,9163.61822
Kraken,eth_usd,354.59,1601468145.595906,354.59,100.97292921,354.6,0.1937834,355.05617
Kraken,btc_eur,9161.9,1601468145.60497,9161.9,2.33050555,9162.0,9.75612062,9163.61821
Kraken,btc_eur,9161.9,1601468146.034109,9161.9,2.19159755,9162.0,9.75612062,9163.61807
Kraken,btc_eur,9161.9,1601468146.572373,9161.9,2.10033647,9162.0,9.75612062,9163.61798
Kraken,btc_eur,9162.0,1601468146.642502,9161.9,2.10033647,9162.0,9.71478462,9163.61794
Kraken,btc_eur,9161.9,1601468146.993799,9161.9,2.33940579,9162.0,9.71478462,9163.61788
Kraken,btc_eur,9162.0,1601468151.285269,9161.9,3.40953899,9162.0,9.64148462,9163.61781
Kraken,btc_eur,9161.9,1601468153.082891,9161.9,2.90953899,9162.0,9.64148462,9163.61732
Kraken,eth_usd,354.59,1601468153.653175,354.59,80.72386154,354.6,0.1937834,355.05615
Kraken,eth_eur,303.14,1601468156.444263,302.99,113.98381294,303.21,0.03948508,302.89591
Kraken,eth_usd,354.6,1601468156.528388,354.59,131.47386154,354.94,15.0,355.05615
Kraken,eth_usd,354.93,1601468157.019419,354.93,48.57732154,354.94,10.0,355.05611
Kraken,btc_eur,9162.0,1601468157.093349,9161.9,2.90953899,9162.0,8.74827126,9163.61649
Kraken,btc_eur,9162.0,1601468165.357525,9161.9,5.50953899,9162.0,8.6689754,9163.61642
Kraken,eth_eur,303.2,1601468167.109818,303.2,52.94490491,303.21,0.03948508,302.89592
Kraken,btc_usd,10722.3,1601468167.17518,10722.2,7.00076601,10722.3,0.06,10726.30833
Kraken,btc_usd,10722.2,1601468168.635083,10722.2,5.97300038,10722.3,0.06,10726.30432
Kraken,eth_usd,354.96,1601468169.086846,354.96,73.987286,354.97,10.0,355.0561
Kraken,btc_usd,10722.2,1601468170.539162,10722.2,6.30765632,10722.3,0.06,10726.30381
Kraken,btc_usd,10722.2,1601468170.542751,10722.2,6.25765632,10722.3,0.06,10726.30361
Kraken,btc_usd,10722.2,1601468170.553595,10722.2,5.93975053,10722.3,0.06,10726.30233
Kraken,btc_usd,10722.2,1601468170.557425,10722.2,5.43645662,10722.3,0.06,10726.30032
Kraken,btc_usd,10722.3,1601468175.457933,10722.2,6.09584181,10726.1,0.4,10726.30009
Kraken,btc_eur,9162.0,1601468177.487332,9161.9,1.75344825,9162.0,10.33322838,9163.61627
Kraken,btc_eur,9162.0,1601468178.159621,9161.9,1.72544825,9162.0,10.30766131,9163.61625
Kraken,btc_usd,10722.5,1601468178.308325,10722.3,0.58534533,10723.5,5.68523602,10726.29954
Kraken,btc_eur,9162.0,1601468181.688701,9161.9,3.72544825,9162.0,9.67743032,9163.61567
Kraken,btc_eur,9161.9,1601468183.00539,9161.9,3.22544825,9162.0,9.65957734,9163.61518
Kraken,eth_usd,354.89,1601468183.809371,354.89,3.38459652,354.9,3.31269517,355.0561
Kraken,btc_eur,9162.0,1601468184.225098,9161.9,1.22544825,9162.0,9.27299584,9163.61517
Kraken,btc_eur,9162.0,1601468184.554745,9161.9,3.22544825,9162.0,9.24520991,9163.61516
Kraken,btc_eur,9162.0,1601468185.458861,9161.9,3.22544825,9162.0,9.21160991,9163.61513
Kraken,eth_usd,354.9,1601468191.482374,354.89,3.38459652,354.9,39.82586653,355.05586
Kraken,btc_eur,9162.0,1601468191.651227,9161.9,1.22544825,9162.0,9.20879889,9163.61511
Kraken,btc_eur,9161.9,1601468192.962788,9161.9,2.72544825,9162.0,9.19094591,9163.61462
Kraken,btc_eur,9162.0,1601468197.749138,9161.9,0.72544825,9162.0,9.186809,9163.6146
Kraken,btc_eur,9162.0,1601468202.948947,9161.9,0.46382947,9162.0,9.584809,9163.6146
Kraken,btc_eur,9162.0,1601468212.962093,9161.9,0.46382947,9162.0,10.98378672,9163.61419
Kraken,btc_eur,9162.0,1601468223.100364,9161.9,0.46382947,9162.0,8.60370998,9163.61198
Kraken,btc_eur,9162.0,1601468224.467408,9161.9,0.00545738,9162.0,10.18360141,9163.61198
Kraken,btc_usd,10720.7,1601468225.041076,10720.6,0.133,10720.7,6.71582374,10726.29951
Kraken,eth_eur,303.15,1601468227.493495,303.14,0.338,303.15,75.00117743,302.89595
Kraken,btc_eur,9161.5,1601468229.067741,9161.5,0.52045738,9162.0,11.34676723,9163.61195
Kraken,btc_eur,9159.3,1601468229.687188,9159.3,0.37699975,9160.5,0.01785298,9163.61189
Kraken,eth_eur,303.15,1601468235.141793,303.14,0.338,303.15,105.61746369,302.89595
Kraken,btc_eur,9159.4,1601468244.620589,9159.3,0.69982484,9159.4,0.83290444,9163.61188
Kraken,btc_usd,10714.9,1601468256.112896,10714.9,0.79057283,10721.7,0.2,10726.22053
Kraken,btc_eur,9161.0,1601468259.670338,9159.3,1.20193058,9161.0,0.31790397,9163.60961
Kraken,eth_eur,303.16,1601468263.459117,303.15,21.1392199,303.16,6.08600547,302.896
Kraken,btc_eur,9160.7,1601468275.262766,9160.2,0.69974249,9160.7,0.65599756,9163.60953
Kraken,btc_eur,9160.3,1601468278.071155,9160.2,0.69974249,9160.3,3.05935833,9163.60953
Kraken,btc_eur,9160.2,1601468279.555776,9160.2,0.48124249,9160.3,3.05935833,9163.6091
Kraken,btc_eur,9160.3,1601468280.42581,9160.2,0.48124249,9160.3,2.82368833,9163.60866
Kraken,btc_eur,9160.3,1601468280.819055,9160.2,0.48124249,9160.3,2.81964383,9163.60865
Kraken,btc_eur,9160.3,1601468280.997208,9160.2,0.48124249,9160.3,2.79612212,9163.60861
Kraken,btc_eur,9160.3,1601468284.503486,9160.2,0.48124249,9160.3,2.74019612,9163.6085
Kraken,btc_eur,9160.2,1601468285.085332,9160.2,0.42637907,9160.3,2.74019612,9163.6084
Kraken,btc_eur,9160.3,1601468285.866639,9160.2,0.42637907,9160.3,2.70686551,9163.60833
Kraken,btc_usd,10721.5,1601468290.397231,10721.4,0.0052014,10721.5,1.11799296,10726.22028
Kraken,btc_eur,9160.2,1601468294.171743,9160.1,0.69977581,9160.3,3.06135833,9163.60751
Kraken,btc_eur,9160.2,1601468294.225557,9160.1,0.69977581,9160.2,0.33488082,9163.60746
Kraken,btc_eur,9160.2,1601468294.730227,9160.1,0.69977581,9160.2,0.31485262,9163.60741
Kraken,btc_eur,9160.2,1601468294.88321,9160.1,0.69977581,9160.2,0.18965262,9163.60716
Kraken,btc_eur,9160.2,1601468295.093173,9160.1,0.69977581,9160.2,0.18231417,9163.60715
Kraken,btc_eur,9160.2,1601468295.509993,9160.1,0.69977581,9160.2,0.15776389,9163.6071
Kraken,btc_eur,9160.2,1601468295.944722,9160.1,0.69977581,9160.2,0.13013689,9163.60705
Kraken,btc_eur,9160.1,1601468296.377425,9160.1,0.55346702,9160.2,0.13013689,9163.60676
Kraken,btc_eur,9160.1,1601468296.80169,9160.1,0.49054877,9160.2,0.13013689,9163.60663
Kraken,btc_eur,9160.1,1601468297.215454,9160.1,0.45491527,9160.2,0.13013689,9163.60656
Kraken,btc_eur,9159.7,1601468298.149638,9159.7,0.59699817,9160.2,1.32025838,9163.60633
Kraken,btc_eur,9158.4,1601468298.553592,9158.4,0.89754166,9160.0,0.00892649,9163.60622
Kraken,btc_eur,9159.3,1601468301.66173,9156.2,2.0,9159.3,0.24263277,9163.60618
Kraken,btc_eur,9158.4,1601468302.465869,9157.7,0.93324796,9158.4,1.9012897,9163.60589
Kraken,btc_eur,9157.7,1601468303.628677,9157.7,0.82352111,9158.3,0.00892649,9163.60552
Kraken,eth_usd,354.9,1601468304.708526,354.89,3.38459652,354.9,73.20470383,355.05585
Kraken,btc_eur,9159.5,1601468310.823994,9159.4,0.69990596,9159.5,0.5316746,9163.60529
Kraken,btc_eur,9159.2,1601468317.674281,9159.2,0.68170075,9159.3,0.5,9163.60466
Kraken,btc_eur,9160.0,1601468319.118795,9159.1,0.69986484,9160.0,0.15018722,9163.60461
Kraken,btc_eur,9160.2,1601468330.049947,9160.1,0.46919465,9160.2,0.11741774,9163.6046
Kraken,btc_eur,9160.2,1601468332.554812,9160.1,0.46919465,9160.2,0.09542785,9163.60456
Kraken,btc_usd,10721.6,1601468335.441777,10719.8,0.93288593,10722.8,0.025,10726.21336
Kraken,btc_usd,10719.8,1601468335.7299,10719.8,0.92566067,10721.5,2.12920571,10726.21331
Kraken,btc_eur,9160.2,1601468356.919848,9160.1,1.1688591,9160.2,0.27816873,9163.6045
Kraken,btc_eur,9160.1,1601468366.25108,9160.1,3.18762606,9160.2,0.22816873,9163.60446
Kraken,btc_usd,10719.6,1601468389.588929,10719.5,0.69987008,10719.6,0.37714072,10726.21212
Kraken,eth_eur,303.21,1601468393.621671,303.2,21.14327045,303.21,1.7167192,302.89605
Kraken,btc_usd,10720.6,1601468397.451579,10720.6,0.68790575,10721.5,0.44066103,10726.21206
Kraken,btc_eur,9159.9,1601468403.560856,9159.9,0.551249,9160.2,0.34316873,9163.60042
Kraken,btc_usd,10720.6,1601468406.74306,10719.0,0.99,10720.6,0.5067524,10726.21204
Kraken,btc_eur,9160.1,1601468406.929806,9160.1,0.68801845,9160.2,3.24316873,9163.6004
Kraken,btc_eur,9159.8,1601468408.688039,9159.8,0.20856047,9160.2,1.24316873,9163.59489
Kraken,eth_eur,303.15,1601468413.165907,303.14,0.338,303.15,99.34601303,302.8961
Kraken,btc_usd,10717.2,1601468421.45495,10717.2,1.07734885,10718.6,1.83313398,10726.21184
Kraken,btc_usd,10717.3,1601468432.148529,10717.3,0.04995075,10717.6,0.21,10726.2118
Kraken,btc_usd,10717.4,1601468432.83255,10717.4,0.4115343,10717.6,0.21,10726.2116
Kraken,btc_eur,9159.7,1601468434.848971,9159.7,0.4975,9159.8,2.96,9163.59488
Kraken,btc_eur,9159.8,1601468439.185612,9159.7,0.4975,9159.8,2.94068979,9163.59484
Kraken,btc_eur,9159.8,1601468439.648503,9159.7,0.4975,9159.8,2.91186793,9163.59478
Kraken,btc_eur,9159.8,1601468440.081841,9159.7,0.4975,9159.8,2.88907376,9163.59473
Kraken,btc_eur,9159.8,1601468440.542881,9159.7,0.53320596,9159.8,0.88378871,9163.59472
Kraken,btc_eur,9159.7,1601468440.990406,9159.7,0.3817508,9159.8,0.88378871,9163.59438
Kraken,btc_eur,9159.7,1601468441.468558,9159.7,0.32975948,9159.8,0.88378871,9163.59427
Kraken,btc_eur,9163.3,1601468450.950861,9159.7,0.47230208,9160.2,0.00166825,9163.58538
Kraken,eth_eur,303.2,1601468462.361902,303.2,21.19228647,303.21,0.13723412,302.89615
Kraken,btc_eur,9161.9,1601468467.257164,9161.8,0.94975768,9161.9,0.38076807,9163.58535
Kraken,btc_eur,9161.9,1601468480.985912,9161.8,1.46599324,9161.9,0.31988256,9163.58522
Kraken,btc_eur,9162.1,1601468481.138012,9161.8,1.91471527,9162.1,0.01909927,9163.58522
Kraken,eth_eur,303.21,1601468488.851639,303.2,31.24804179,303.28,0.17674,302.89616
Kraken,eth_usd,354.81,1601468489.105214,354.8,64.43778453,354.81,0.1738241,355.05583
Kraken,eth_usd,354.8,1601468493.733191,354.8,52.29254039,354.81,0.1738241,355.05578
Kraken,eth_eur,303.19,1601468503.69332,303.19,21.00634226,303.22,15.67851399,302.89617
Kraken,btc_usd,10720.9,1601468513.293881,10720.9,1.16436952,10721.0,1.50446493,10726.21142
Kraken,btc_eur,9162.0,1601468518.619026,9162.0,2.21203252,9162.1,0.01909927,9163.58521
Kraken,btc_usd,10721.0,1601468519.137481,10720.9,1.16436952,10721.0,1.15910217,10726.21134
Kraken,btc_eur,9162.1,1601468529.846335,9162.0,1.64632656,9162.1,1.94439927,9163.58515
Kraken,eth_eur,303.26,1601468537.361904,303.26,20.723491,303.28,40.49174,302.89622
Kraken,btc_eur,9162.2,1601468542.755959,9162.1,0.28190251,9162.2,3.1238,9163.58513
Kraken,btc_usd,10721.0,1601468546.224367,10720.9,0.001,10721.0,1.41870179,10726.21099
Kraken,eth_eur,303.16,1601468548.747229,303.16,20.75272171,303.18,7.25308853,302.89623
Kraken,btc_eur,9162.2,1601468553.948839,9162.1,0.38190249,9162.2,3.52169,9163.58513
Kraken,btc_usd,10720.2,1601468554.758752,10720.2,0.55574191,10721.0,1.82792501,10726.2096
Kraken,btc_eur,9162.2,1601468558.316332,9162.1,0.38190249,9162.2,3.09612321,9163.58511
Kraken,eth_usd,354.79,1601468559.92625,354.78,0.14707741,354.79,13.08226434,355.05561
Kraken,btc_eur,9162.2,1601468560.786974,9162.1,0.38190249,9162.2,3.136358,9163.58509
Kraken,btc_eur,9162.2,1601468561.711669,9162.1,0.38190249,9162.2,3.1123748,9163.58507
Kraken,btc_eur,9162.2,1601468562.71993,9162.1,0.38190249,9162.2,3.08968828,9163.58505
Kraken,btc_eur,9162.2,1601468562.731961,9162.1,0.38190249,9162.2,3.05858468,9163.58503
Kraken,btc_eur,9162.2,1601468563.15771,9162.1,0.38190249,9162.2,3.15159567,9163.58503
Kraken,btc_eur,9162.2,1601468563.576698,9162.1,0.38190249,9162.2,3.12891069,9163.58501
Kraken,btc_eur,9162.2,1601468564.010288,9162.1,0.38190249,9162.2,3.10044511,9163.58499
Kraken,btc_eur,9162.1,1601468564.436078,9162.1,0.32311728,9162.2,3.155,9163.58494
Kraken,btc_eur,9162.2,1601468569.883263,9162.1,0.32311728,9162.2,3.16919558,9163.58493
Kraken,eth_eur,303.14,1601468571.025538,303.14,0.015,303.2,7.25308853,302.89624
Kraken,btc_eur,9162.2,1601468573.895552,9162.1,0.32311728,9162.2,4.35820708,9163.58493
Kraken,btc_eur,9162.2,1601468575.628295,9162.1,0.32311728,9162.2,4.35324223,9163.58492
Kraken,btc_usd,10720.0,1601468584.325588,10719.9,1.0902269,10720.0,0.99222838,10726.20894
Kraken,btc_usd,10720.0,1601468585.735575,10719.9,1.18501826,10720.0,0.96430666,10726.20877
Kraken,eth_eur,303.23,1601468586.47679,303.17,21.13907293,303.23,10.33132101,302.89625
Kraken,btc_eur,9162.2,1601468588.768478,9162.1,0.33076728,9162.2,1.7494146,9163.58383
Kraken,btc_usd,10723.2,1601468602.318054,10721.6,0.69965779,10723.2,0.12334524,10726.20867
Kraken,btc_eur,9164.2,1601468602.567947,9164.1,0.82311728,9164.2,2.4894933,9163.58383
Kraken,btc_eur,9164.1,1601468602.599252,9162.2,0.4,9164.2,2.4894933,9163.58407
Kraken,btc_eur,9162.3,1601468612.709205,9162.2,0.42480628,9162.3,0.49494709,9163.58407
Kraken,btc_eur,9162.5,1601468614.952167,9162.4,0.5,9162.5,9.10796687,9163.58403
Kraken,btc_eur,9162.5,1601468624.597983,9162.4,1.19959782,9162.5,9.09702687,9163.58402
Kraken,btc_eur,9162.5,1601468624.638304,9162.4,1.19959782,9162.5,8.99780822,9163.58396
Kraken,btc_eur,9162.5,1601468624.968056,9162.4,3.59959782,9162.5,7.99780822,9163.58335
Kraken,eth_eur,303.3,1601468625.154,303.27,67.77402583,303.3,8.87132064,302.89636
Kraken,btc_eur,9162.5,1601468625.411195,9162.4,3.59959782,9162.5,7.94295025,9163.58332
Kraken,btc_eur,9162.5,1601468640.391516,9162.4,4.42217113,9162.5,7.93678859,9163.58331
Kraken,eth_eur,303.29,1601468642.315004,303.29,21.96667193,303.3,8.87132064,302.89637
Kraken,btc_eur,9162.5,1601468643.726899,9162.4,4.42217113,9162.5,7.88303111,9163.58328
Kraken,btc_eur,9162.5,1601468644.77851,9162.4,4.42217113,9162.5,7.87310098,9163.58327
Kraken,btc_eur,9162.5,1601468646.486315,9162.4,4.42217113,9162.5,7.86804818,9163.58327
Kraken,eth_eur,303.3,1601468650.808979,303.29,21.96667193,303.3,8.70728941,302.89638
Kraken,btc_eur,9162.4,1601468659.371939,9162.3,2.44125,9162.4,2.483593,9163.58326
Kraken,btc_eur,9162.4,1601468663.168931,9162.3,2.44125,9162.4,2.46961561,9163.58325
Kraken,eth_eur,303.24,1601468673.563499,303.23,30.247337,303.24,22.59479853,302.89639
Kraken,btc_eur,9162.4,1601468682.616076,9162.3,3.04150254,9162.4,3.0279408,9163.58324
Kraken,btc_eur,9162.4,1601468682.624934,9162.3,3.04150254,9162.4,3.0077823,9163.58323
Kraken,btc_eur,9162.4,1601468683.052376,9162.3,3.04150254,9162.4,0.97150849,9163.5832
