Plateforme,Asset,Quote,Datetime,Bid,BidAmount,Ask,AskAmount,OpenInterest
Deribit,BTC-PERPETUAL,10934.85,1601296688.466,10940.5,15290.0,10941.0,164720.0,92566270
Deribit,BTC-PERPETUAL,10925.01,1601296750.486,10928.0,650.0,10928.5,208240.0,92570270
Deribit,ETH-PERPETUAL,365.0,1601296750.493,365.15,2.0,365.2,4724.0,23273216
Deribit,ETH-PERPETUAL,365.0,1601296750.506,365.15,2.0,365.2,4784.0,23273216
Deribit,ETH-PERPETUAL,365.0,1601296750.525,365.15,2.0,365.2,4802.0,23273216
Deribit,ETH-PERPETUAL,365.0,1601296750.576,365.15,2.0,365.2,3302.0,23273216
Deribit,ETH-PERPETUAL,365.0,1601296750.642,365.1,29.0,365.2,3302.0,23273216
Deribit,ETH-PERPETUAL,365.0,1601296750.694,365.1,29.0,365.2,4802.0,23273216
Deribit,ETH-PERPETUAL,365.0,1601296750.712,365.1,29.0,365.2,3302.0,23273216
Deribit,BTC-PERPETUAL,10925.01,1601296750.717,10928.0,650.0,10928.5,208430.0,92570270
Deribit,ETH-PERPETUAL,365.0,1601296750.787,365.1,29.0,365.15,1500.0,23273216
Deribit,ETH-PERPETUAL,365.0,1601296750.793,365.1,29.0,365.15,1510.0,23273216
Deribit,ETH-PERPETUAL,365.0,1601296750.797,365.1,29.0,365.15,1500.0,23273216
Deribit,ETH-PERPETUAL,365.0,1601296750.8,365.1,2329.0,365.15,1500.0,23273216
Deribit,ETH-PERPETUAL,365.0,1601296750.86,365.1,2328.0,365.15,1500.0,23273216
Deribit,ETH-PERPETUAL,365.0,1601296750.881,365.1,28.0,365.15,1500.0,23273216
Deribit,ETH-PERPETUAL,365.0,1601296750.905,365.1,28.0,365.15,1537.0,23273216
Deribit,BTC-PERPETUAL,10925.01,1601296750.948,10928.0,650.0,10928.5,231690.0,92570270
Deribit,ETH-PERPETUAL,365.0,1601296750.963,365.1,48.0,365.15,1537.0,23273216
Deribit,BTC-PERPETUAL,10925.01,1601296750.967,10928.0,970.0,10928.5,231690.0,92570270
Deribit,BTC-PERPETUAL,10923.17,1601296750.971,10928.0,970.0,10928.5,231690.0,92570270
Deribit,ETH-PERPETUAL,365.0,1601296751.06,365.1,38.0,365.15,1537.0,23273216
Deribit,ETH-PERPETUAL,365.0,1601296751.077,365.1,73.0,365.15,1537.0,23273216
Deribit,BTC-PERPETUAL,10923.17,1601296751.089,10928.0,970.0,10928.5,240690.0,92570270
Deribit,BTC-PERPETUAL,10923.17,1601296751.382,10928.0,970.0,10928.5,240910.0,92570270
Deribit,ETH-PERPETUAL,365.0,1601296751.403,365.1,74.0,365.15,1537.0,23273216
Deribit,BTC-PERPETUAL,10923.17,1601296751.61,10928.0,970.0,10928.5,295550.0,92570270
Deribit,BTC-PERPETUAL,10923.17,1601296751.611,10928.0,970.0,10928.5,240910.0,92570270
Deribit,ETH-PERPETUAL,365.0,1601296751.789,365.1,74.0,365.15,3737.0,23273216
Deribit,ETH-PERPETUAL,365.0,1601296751.86,365.1,74.0,365.15,1537.0,23273216
Deribit,BTC-PERPETUAL,10923.17,1601296751.954,10928.0,970.0,10928.5,241390.0,92570270
Deribit,ETH-PERPETUAL,365.0,1601296752.279,365.1,39.0,365.15,1537.0,23273216
Deribit,ETH-PERPETUAL,365.0,1601296752.514,365.1,39.0,365.15,1597.0,23273216
Deribit,ETH-PERPETUAL,365.0,1601296752.624,365.1,72.0,365.15,1597.0,23273216
Deribit,BTC-PERPETUAL,10923.07,1601296752.731,10928.0,970.0,10928.5,241880.0,92570270
Deribit,ETH-PERPETUAL,365.0,1601296752.778,365.1,72.0,365.15,5297.0,23273216
Deribit,ETH-PERPETUAL,365.0,1601296752.796,365.1,72.0,365.15,6778.0,23273216
Deribit,BTC-PERPETUAL,10923.07,1601296752.81,10928.0,970.0,10928.5,218620.0,92570270
Deribit,ETH-PERPETUAL,365.0,1601296752.813,365.1,72.0,365.15,6788.0,23273216
Deribit,BTC-PERPETUAL,10923.07,1601296752.812,10927.5,100.0,10928.0,22230.0,92569780
Deribit,BTC-PERPETUAL,10923.07,1601296752.82,10927.5,100.0,10928.0,98330.0,92569780
Deribit,BTC-PERPETUAL,10923.07,1601296752.821,10927.5,100.0,10928.0,99300.0,92569780
Deribit,BTC-PERPETUAL,10923.07,1601296752.821,10927.5,100.0,10928.0,100870.0,92569780
Deribit,BTC-PERPETUAL,10923.07,1601296752.822,10927.5,100.0,10928.0,102470.0,92569780
Deribit,BTC-PERPETUAL,10923.07,1601296752.823,10927.5,100.0,10928.0,136070.0,92569780
Deribit,BTC-PERPETUAL,10923.07,1601296752.823,10927.5,100.0,10928.0,137670.0,92569780
Deribit,BTC-PERPETUAL,10923.07,1601296752.824,10927.5,100.0,10928.0,139270.0,92569780
Deribit,BTC-PERPETUAL,10923.07,1601296752.824,10927.5,100.0,10928.0,140910.0,92569780
Deribit,BTC-PERPETUAL,10923.07,1601296752.826,10927.5,100.0,10928.0,155410.0,92569780
Deribit,BTC-PERPETUAL,10923.07,1601296752.827,10927.5,100.0,10928.0,185310.0,92569780
Deribit,BTC-PERPETUAL,10923.07,1601296752.828,10927.5,100.0,10928.0,205020.0,92569780
Deribit,BTC-PERPETUAL,10923.07,1601296752.834,10927.5,100.0,10928.0,206590.0,92569780
Deribit,BTC-PERPETUAL,10923.07,1601296752.834,10927.5,100.0,10928.0,208190.0,92569780
Deribit,BTC-PERPETUAL,10923.07,1601296752.835,10927.5,100.0,10928.0,209790.0,92569780
Deribit,BTC-PERPETUAL,10923.07,1601296752.836,10927.5,100.0,10928.0,211390.0,92569780
Deribit,BTC-PERPETUAL,10923.07,1601296752.837,10927.5,100.0,10928.0,196890.0,92569780
Deribit,BTC-PERPETUAL,10923.07,1601296752.84,10927.5,100.0,10928.0,198460.0,92569780
Deribit,BTC-PERPETUAL,10923.07,1601296752.84,10927.5,100.0,10928.0,200060.0,92569780
Deribit,BTC-PERPETUAL,10923.07,1601296752.841,10927.5,100.0,10928.0,201660.0,92569780
Deribit,BTC-PERPETUAL,10923.07,1601296752.842,10927.5,100.0,10928.0,203260.0,92569780
Deribit,BTC-PERPETUAL,10923.07,1601296752.843,10927.5,100.0,10928.0,201690.0,92569780
Deribit,BTC-PERPETUAL,10923.07,1601296752.843,10927.5,100.0,10928.0,200090.0,92569780
Deribit,BTC-PERPETUAL,10923.07,1601296752.844,10927.5,100.0,10928.0,198490.0,92569780
Deribit,BTC-PERPETUAL,10923.07,1601296752.845,10927.5,100.0,10928.0,196890.0,92569780
Deribit,BTC-PERPETUAL,10923.07,1601296752.846,10927.5,100.0,10928.0,195320.0,92569780
Deribit,BTC-PERPETUAL,10923.07,1601296752.846,10927.5,100.0,10928.0,193720.0,92569780
Deribit,BTC-PERPETUAL,10923.07,1601296752.848,10927.5,100.0,10928.0,192120.0,92569780
Deribit,BTC-PERPETUAL,10923.07,1601296752.848,10927.5,100.0,10928.0,190520.0,92569780
Deribit,BTC-PERPETUAL,10923.07,1601296752.85,10927.5,100.0,10928.0,229490.0,92569780
Deribit,BTC-PERPETUAL,10923.07,1601296752.898,10927.5,100.0,10928.0,229500.0,92569780
Deribit,BTC-PERPETUAL,10923.06,1601296753.055,10927.5,100.0,10928.0,229720.0,92569780
Deribit,BTC-PERPETUAL,10923.06,1601296753.075,10927.5,120.0,10928.0,229720.0,92569780
Deribit,BTC-PERPETUAL,10923.06,1601296753.22,10927.5,120.0,10928.0,190750.0,92569780
Deribit,BTC-PERPETUAL,10923.06,1601296753.423,10927.5,120.0,10928.0,199750.0,92569780
Deribit,ETH-PERPETUAL,364.98,1601296753.567,365.1,72.0,365.15,5307.0,23273216
Deribit,BTC-PERPETUAL,10923.06,1601296753.859,10927.5,120.0,10928.0,249750.0,92569780
Deribit,BTC-PERPETUAL,10923.06,1601296753.945,10927.5,440.0,10928.0,249750.0,92569780
Deribit,BTC-PERPETUAL,10922.43,1601296753.992,10927.5,440.0,10928.0,249750.0,92569780
Deribit,ETH-PERPETUAL,364.98,1601296754.086,365.1,72.0,365.15,3807.0,23273216
Deribit,BTC-PERPETUAL,10922.43,1601296754.086,10927.5,440.0,10928.0,227520.0,92569780
Deribit,ETH-PERPETUAL,364.98,1601296754.089,365.1,72.0,365.15,107.0,23273216
Deribit,BTC-PERPETUAL,10922.43,1601296754.091,10926.0,270.0,10927.5,21790.0,92569340
Deribit,BTC-PERPETUAL,10922.43,1601296754.094,10926.0,270.0,10927.5,22010.0,92569340
Deribit,BTC-PERPETUAL,10922.43,1601296754.095,10926.0,270.0,10927.5,63810.0,92569340
Deribit,ETH-PERPETUAL,364.98,1601296754.096,365.1,72.0,365.15,97.0,23273216
Deribit,BTC-PERPETUAL,10922.43,1601296754.096,10926.0,270.0,10926.5,1600.0,92569340
Deribit,BTC-PERPETUAL,10922.43,1601296754.097,10926.0,270.0,10926.5,3200.0,92569340
Deribit,BTC-PERPETUAL,10922.43,1601296754.098,10926.0,270.0,10926.5,66300.0,92569340
Deribit,BTC-PERPETUAL,10922.43,1601296754.101,10926.0,270.0,10926.5,96200.0,92569340
Deribit,BTC-PERPETUAL,10922.43,1601296754.104,10926.0,270.0,10926.5,94600.0,92569340
Deribit,BTC-PERPETUAL,10922.43,1601296754.107,10926.0,270.0,10926.5,95570.0,92569340
Deribit,BTC-PERPETUAL,10922.43,1601296754.108,10926.0,270.0,10926.5,93970.0,92569340
Deribit,BTC-PERPETUAL,10922.43,1601296754.11,10926.0,270.0,10926.5,127570.0,92569340
Deribit,BTC-PERPETUAL,10922.43,1601296754.111,10926.0,270.0,10926.5,129210.0,92569340
Deribit,BTC-PERPETUAL,10922.43,1601296754.115,10926.0,270.0,10926.5,130780.0,92569340
Deribit,BTC-PERPETUAL,10922.43,1601296754.116,10926.0,270.0,10926.5,132380.0,92569340
Deribit,BTC-PERPETUAL,10922.43,1601296754.116,10926.0,270.0,10926.5,133980.0,92569340
Deribit,BTC-PERPETUAL,10922.43,1601296754.117,10926.0,270.0,10926.5,135580.0,92569340
Deribit,BTC-PERPETUAL,10901.09,1601297764.525,10906.5,150.0,10907.0,122720.0,90773010
Deribit,ETH-PERPETUAL,364.13,1601297764.501,364.2,3735.0,364.25,4128.0,23173938
Deribit,BTC-PERPETUAL,10901.09,1601297764.6,10906.5,150.0,10907.0,121120.0,90773010
Deribit,BTC-PERPETUAL,10901.09,1601297764.601,10906.5,150.0,10907.0,119520.0,90773010
Deribit,BTC-PERPETUAL,10901.09,1601297764.602,10906.5,150.0,10907.0,117940.0,90773010
Deribit,BTC-PERPETUAL,10901.09,1601297764.602,10906.5,150.0,10907.0,116340.0,90773010
Deribit,BTC-PERPETUAL,10901.09,1601297764.688,10906.5,150.0,10907.0,117920.0,90773010
Deribit,BTC-PERPETUAL,10901.09,1601297764.701,10906.5,150.0,10907.0,119520.0,90773010
Deribit,BTC-PERPETUAL,10901.09,1601297764.701,10906.5,150.0,10907.0,121120.0,90773010
Deribit,BTC-PERPETUAL,10901.09,1601297764.702,10906.5,150.0,10907.0,122720.0,90773010
Deribit,BTC-PERPETUAL,10901.09,1601297764.774,10906.5,150.0,10907.0,122710.0,90773010
Deribit,BTC-PERPETUAL,10901.09,1601297765.0,10906.5,150.0,10907.0,121710.0,90773010
Deribit,BTC-PERPETUAL,10901.08,1601297765.245,10906.5,3150.0,10907.0,121710.0,90773010
Deribit,BTC-PERPETUAL,10901.08,1601297765.249,10906.5,3150.0,10907.0,141710.0,90773010
Deribit,BTC-PERPETUAL,10901.08,1601297765.251,10906.5,3150.0,10907.0,141760.0,90773010
Deribit,BTC-PERPETUAL,10901.08,1601297765.254,10906.5,3150.0,10907.0,131700.0,90773010
Deribit,BTC-PERPETUAL,10901.08,1601297765.302,10906.5,3150.0,10907.0,131710.0,90773010
Deribit,BTC-PERPETUAL,10901.08,1601297765.31,10906.5,3150.0,10907.0,141770.0,90773010
Deribit,ETH-PERPETUAL,364.13,1601297765.365,364.2,3735.0,364.25,4328.0,23173938
Deribit,ETH-PERPETUAL,364.13,1601297765.371,364.2,3735.0,364.25,4128.0,23173938
Deribit,BTC-PERPETUAL,10901.3,1601297766.415,10906.5,3150.0,10907.0,95430.0,90773010
Deribit,BTC-PERPETUAL,10901.3,1601297766.417,10906.5,3150.0,10907.0,93850.0,90773010
Deribit,BTC-PERPETUAL,10901.3,1601297766.418,10906.5,3150.0,10907.0,92250.0,90773010
Deribit,BTC-PERPETUAL,10901.3,1601297766.419,10906.5,3150.0,10907.0,90650.0,90773010
Deribit,BTC-PERPETUAL,10901.3,1601297766.419,10906.5,3150.0,10907.0,89050.0,90773010
Deribit,BTC-PERPETUAL,10901.3,1601297766.583,10906.5,3150.0,10907.0,89040.0,90773010
Deribit,BTC-PERPETUAL,10901.3,1601297766.836,10906.5,3150.0,10907.0,89050.0,90773010
Deribit,ETH-PERPETUAL,364.12,1601297766.909,364.2,3735.0,364.25,4118.0,23173938
Deribit,BTC-PERPETUAL,10901.3,1601297766.922,10906.5,3150.0,10907.0,78990.0,90773010
Deribit,BTC-PERPETUAL,10901.69,1601297767.134,10906.5,3150.0,10907.0,78980.0,90773010
Deribit,BTC-PERPETUAL,10901.69,1601297767.166,10906.5,3150.0,10907.0,110370.0,90773010
Deribit,BTC-PERPETUAL,10901.69,1601297767.168,10906.5,3150.0,10907.0,111970.0,90773010
Deribit,BTC-PERPETUAL,10901.69,1601297767.169,10906.5,3150.0,10907.0,113570.0,90773010
Deribit,BTC-PERPETUAL,10901.69,1601297767.17,10906.5,3150.0,10907.0,115150.0,90773010
Deribit,BTC-PERPETUAL,10901.69,1601297767.17,10906.5,3150.0,10907.0,116750.0,90773010
Deribit,BTC-PERPETUAL,10901.69,1601297767.182,10906.5,3150.0,10907.0,116700.0,90773010
Deribit,ETH-PERPETUAL,364.12,1601297767.202,364.2,3735.0,364.25,428.0,23173938
Deribit,BTC-PERPETUAL,10901.69,1601297767.254,10906.5,3150.0,10907.0,115100.0,90773010
Deribit,BTC-PERPETUAL,10901.69,1601297767.255,10906.5,3150.0,10907.0,113520.0,90773010
Deribit,BTC-PERPETUAL,10901.69,1601297767.257,10906.5,3150.0,10907.0,111920.0,90773010
Deribit,BTC-PERPETUAL,10901.69,1601297767.264,10906.5,3150.0,10907.0,110320.0,90773010
Deribit,BTC-PERPETUAL,10901.69,1601297767.266,10906.5,3150.0,10907.0,78930.0,90773010
Deribit,BTC-PERPETUAL,10901.69,1601297767.286,10906.5,3150.0,10907.0,20130.0,90773010
Deribit,BTC-PERPETUAL,10901.69,1601297767.315,10906.5,3150.0,10907.0,130.0,90773010
Deribit,ETH-PERPETUAL,364.14,1601297767.321,364.2,6780.0,364.25,428.0,23173938
Deribit,ETH-PERPETUAL,364.14,1601297767.325,364.2,6780.0,364.3,3818.0,23174366
Deribit,ETH-PERPETUAL,364.14,1601297767.327,364.25,4500.0,364.3,3818.0,23174366
Deribit,ETH-PERPETUAL,364.14,1601297767.328,364.25,29996.0,364.3,3818.0,23174366
Deribit,ETH-PERPETUAL,364.14,1601297767.329,364.25,32696.0,364.3,3818.0,23174366
Deribit,ETH-PERPETUAL,364.14,1601297767.33,364.25,36338.0,364.3,3818.0,23174366
Deribit,BTC-PERPETUAL,10901.69,1601297767.33,10906.5,23150.0,10907.0,130.0,90773010
Deribit,ETH-PERPETUAL,364.14,1601297767.33,364.25,33638.0,364.3,3818.0,23174366
Deribit,ETH-PERPETUAL,364.14,1601297767.331,364.25,33638.0,364.3,128.0,23174366
Deribit,ETH-PERPETUAL,364.14,1601297767.335,364.25,36683.0,364.3,128.0,23174366
Deribit,BTC-PERPETUAL,10901.69,1601297767.338,10906.5,56750.0,10907.0,130.0,90773010
Deribit,ETH-PERPETUAL,364.14,1601297767.422,364.25,36689.0,364.3,128.0,23174366
Deribit,ETH-PERPETUAL,364.14,1601297767.451,364.25,36691.0,364.3,128.0,23174366
Deribit,ETH-PERPETUAL,364.14,1601297767.46,364.25,36691.0,364.3,3818.0,23174366
Deribit,ETH-PERPETUAL,364.14,1601297767.568,364.25,36709.0,364.3,3818.0,23174366
Deribit,ETH-PERPETUAL,364.14,1601297767.691,364.25,36709.0,364.3,3690.0,23174366
Deribit,ETH-PERPETUAL,364.14,1601297767.714,364.25,36709.0,364.35,1561.0,23174366
Deribit,ETH-PERPETUAL,364.14,1601297767.716,364.3,3643.0,364.35,1561.0,23174366
Deribit,ETH-PERPETUAL,364.14,1601297767.718,364.3,3643.0,364.35,5252.0,23174366
Deribit,BTC-PERPETUAL,10901.69,1601297767.837,10906.5,56750.0,10907.0,4630.0,90773010
Deribit,BTC-PERPETUAL,10901.69,1601297767.893,10906.5,56750.0,10907.0,130.0,90773010
Deribit,ETH-PERPETUAL,364.14,1601297767.941,364.3,3643.0,364.35,5312.0,23174366
Deribit,ETH-PERPETUAL,364.14,1601297768.003,364.3,3643.0,364.35,5405.0,23174366
Deribit,ETH-PERPETUAL,364.14,1601297768.058,364.3,3661.0,364.35,5405.0,23174366
Deribit,BTC-PERPETUAL,10901.67,1601297768.107,10906.5,56870.0,10907.0,130.0,90773010
Deribit,ETH-PERPETUAL,364.14,1601297768.189,364.3,3661.0,364.35,5312.0,23174366
Deribit,ETH-PERPETUAL,364.14,1601297768.233,364.3,3661.0,364.35,5332.0,23174366
Deribit,ETH-PERPETUAL,364.14,1601297768.268,364.15,18779.0,364.35,5332.0,23185372
Deribit,ETH-PERPETUAL,364.14,1601297768.272,364.2,8194.0,364.35,5332.0,23185372
Deribit,ETH-PERPETUAL,364.14,1601297768.274,364.2,8194.0,364.3,1200.0,23185372
Deribit,ETH-PERPETUAL,364.14,1601297768.275,364.2,8194.0,364.3,18503.0,23185372
Deribit,ETH-PERPETUAL,364.14,1601297768.276,364.25,3643.0,364.3,18503.0,23185372
Deribit,ETH-PERPETUAL,364.14,1601297768.277,364.25,3643.0,364.3,25835.0,23185372
Deribit,ETH-PERPETUAL,364.14,1601297768.549,364.25,3661.0,364.3,25835.0,23185372
Deribit,ETH-PERPETUAL,364.14,1601297768.739,364.25,3661.0,364.3,25837.0,23185372
Deribit,BTC-PERPETUAL,10901.67,1601297768.826,10906.5,56870.0,10907.0,2930.0,90773010
Deribit,ETH-PERPETUAL,364.14,1601297768.828,364.25,3661.0,364.3,25839.0,23185372
Deribit,BTC-PERPETUAL,10901.67,1601297768.982,10906.5,56870.0,10907.0,130.0,90773010
Deribit,ETH-PERPETUAL,364.14,1601297769.011,364.25,18.0,364.3,25839.0,23185372
Deribit,ETH-PERPETUAL,364.14,1601297769.159,364.25,18.0,364.3,26089.0,23185372
Deribit,ETH-PERPETUAL,364.14,1601297769.168,364.25,18.0,364.3,18757.0,23185372
Deribit,ETH-PERPETUAL,364.14,1601297769.169,364.25,3660.0,364.3,18757.0,23185372
Deribit,ETH-PERPETUAL,364.14,1601297769.243,364.25,3660.0,364.3,26090.0,23185372
Deribit,ETH-PERPETUAL,364.14,1601297769.751,364.25,3660.0,364.3,26100.0,23185372
Deribit,ETH-PERPETUAL,364.14,1601297769.794,364.25,3660.0,364.3,56100.0,23185372
Deribit,BTC-PERPETUAL,10901.8,1601297769.815,10906.5,56870.0,10907.0,1730.0,90773010
Deribit,BTC-PERPETUAL,10901.8,1601297769.832,10906.5,56870.0,10907.0,130.0,90773010
Deribit,ETH-PERPETUAL,364.14,1601297769.852,364.25,3660.0,364.3,56110.0,23185372
Deribit,ETH-PERPETUAL,364.14,1601297770.006,364.25,18.0,364.3,56110.0,23185372
Deribit,ETH-PERPETUAL,364.14,1601297770.022,364.25,18.0,364.3,56170.0,23185372
Deribit,BTC-PERPETUAL,10901.8,1601297770.091,10906.5,88260.0,10907.0,130.0,90773010
Deribit,BTC-PERPETUAL,10901.8,1601297770.1,10906.5,88260.0,10908.0,27740.0,90769120
Deribit,BTC-PERPETUAL,10901.8,1601297770.104,10907.5,2300.0,10908.0,27740.0,90769120
Deribit,BTC-PERPETUAL,10901.81,1601297770.109,10907.5,10400.0,10908.0,27740.0,90769120
Deribit,BTC-PERPETUAL,10901.81,1601297770.112,10907.5,10400.0,10908.0,47740.0,90769120
Deribit,BTC-PERPETUAL,10901.81,1601297770.393,10907.5,10400.0,10908.0,47700.0,90769120
Deribit,BTC-PERPETUAL,10901.81,1601297770.41,10907.5,10420.0,10908.0,47700.0,90769120
Deribit,BTC-PERPETUAL,10901.81,1601297770.456,10907.5,10420.0,10908.0,47720.0,90769120
Deribit,ETH-PERPETUAL,364.11,1601297770.547,364.25,3660.0,364.3,56170.0,23185372
Deribit,BTC-PERPETUAL,10901.81,1601297770.736,10907.5,44020.0,10908.0,47720.0,90769120
Deribit,BTC-PERPETUAL,10901.81,1601297770.747,10907.5,10420.0,10908.0,47720.0,90769120
Deribit,BTC-PERPETUAL,10901.81,1601297770.804,10907.5,45720.0,10908.0,47720.0,90769120
Deribit,BTC-PERPETUAL,10901.91,1601297771.36,10907.5,10420.0,10908.0,47720.0,90769120
Deribit,BTC-PERPETUAL,10901.91,1601297771.362,10907.5,2320.0,10908.0,47720.0,90769120
Deribit,BTC-PERPETUAL,10901.91,1601297771.514,10907.5,7320.0,10908.0,47720.0,90769120
Deribit,BTC-PERPETUAL,10901.91,1601297771.652,10907.5,7320.0,10908.0,47670.0,90769120
Deribit,BTC-PERPETUAL,10901.91,1601297771.793,10907.5,13420.0,10908.0,47670.0,90769120
Deribit,BTC-PERPETUAL,10901.91,1601297771.794,10907.5,13420.0,10908.0,58070.0,90769120
Deribit,BTC-PERPETUAL,10901.91,1601297771.853,10907.5,7320.0,10908.0,58070.0,90769120
Deribit,ETH-PERPETUAL,364.12,1601297772.029,364.25,18.0,364.3,56170.0,23185372
Deribit,ETH-PERPETUAL,364.12,1601297772.036,364.2,14.0,364.3,56170.0,23185372
Deribit,ETH-PERPETUAL,364.12,1601297772.037,364.2,3656.0,364.3,56170.0,23185372
Deribit,ETH-PERPETUAL,364.12,1601297772.039,364.2,3656.0,364.25,7332.0,23185372
Deribit,ETH-PERPETUAL,364.12,1601297772.039,364.2,3656.0,364.25,11532.0,23185372
Deribit,ETH-PERPETUAL,364.12,1601297772.045,364.2,3656.0,364.25,41532.0,23185372
Deribit,ETH-PERPETUAL,364.12,1601297772.047,364.2,14.0,364.25,41532.0,23185372
Deribit,ETH-PERPETUAL,364.12,1601297772.048,364.2,14.0,364.25,37332.0,23185372
Deribit,ETH-PERPETUAL,364.12,1601297772.054,364.2,14.0,364.25,37342.0,23185372
Deribit,ETH-PERPETUAL,364.12,1601297772.056,364.2,14.0,364.25,37402.0,23185372
Deribit,ETH-PERPETUAL,364.12,1601297772.061,364.2,14.0,364.25,37404.0,23185372
Deribit,ETH-PERPETUAL,364.12,1601297772.076,364.2,14.0,364.25,37394.0,23185372
Deribit,ETH-PERPETUAL,364.12,1601297772.142,364.2,3656.0,364.25,37394.0,23185372
Deribit,BTC-PERPETUAL,10901.84,1601297772.259,10907.5,7320.0,10908.0,30420.0,90769120
Deribit,ETH-PERPETUAL,364.12,1601297772.272,364.2,3674.0,364.25,37394.0,23185372
Deribit,BTC-PERPETUAL,10901.84,1601297772.517,10907.5,7300.0,10908.0,30420.0,90769120
Deribit,ETH-PERPETUAL,364.12,1601297772.598,364.2,32.0,364.25,37394.0,23185372
Deribit,BTC-PERPETUAL,10901.84,1601297772.781,10907.5,7300.0,10908.0,57920.0,90769120
Deribit,BTC-PERPETUAL,10901.84,1601297772.863,10907.5,7310.0,10908.0,57920.0,90769120
Deribit,ETH-PERPETUAL,364.12,1601297773.443,364.2,3674.0,364.25,37394.0,23185372
Deribit,ETH-PERPETUAL,364.12,1601297773.622,364.2,32.0,364.25,37394.0,23185372
Deribit,BTC-PERPETUAL,10901.87,1601297774.9,10906.0,2760.0,10906.5,37590.0,90820730
Deribit,BTC-PERPETUAL,10901.87,1601297774.906,10906.0,2760.0,10906.5,59790.0,90820730
Deribit,BTC-PERPETUAL,10901.87,1601297774.907,10906.0,2760.0,10906.5,61390.0,90820730
Deribit,BTC-PERPETUAL,10901.87,1601297774.907,10906.0,40.0,10906.5,61390.0,90820730
Deribit,BTC-PERPETUAL,10901.87,1601297774.908,10906.0,40.0,10906.5,62970.0,90820730
Deribit,BTC-PERPETUAL,10901.87,1601297774.909,10906.0,40.0,10906.5,82970.0,90820730
Deribit,BTC-PERPETUAL,10901.87,1601297774.909,10906.0,40.0,10906.5,84570.0,90820730
Deribit,BTC-PERPETUAL,10901.87,1601297774.91,10906.0,40.0,10906.5,86170.0,90820730
Deribit,BTC-PERPETUAL,10901.87,1601297774.914,10906.0,40.0,10906.5,63970.0,90820730
Deribit,BTC-PERPETUAL,10901.87,1601297774.915,10906.0,40.0,10906.5,65570.0,90820730
Deribit,BTC-PERPETUAL,10901.87,1601297774.916,10906.0,40.0,10906.5,67150.0,90820730
Deribit,BTC-PERPETUAL,10901.87,1601297774.917,10906.0,40.0,10906.5,68750.0,90820730
Deribit,BTC-PERPETUAL,10901.87,1601297774.921,10906.0,40.0,10906.5,70350.0,90820730
Deribit,BTC-PERPETUAL,10901.87,1601297774.924,10906.0,40.0,10906.5,71950.0,90820730
Deribit,BTC-PERPETUAL,10901.87,1601297774.925,10906.0,40.0,10906.5,73530.0,90820730
Deribit,BTC-PERPETUAL,10901.87,1601297774.925,10906.0,40.0,10906.5,75130.0,90820730
Deribit,BTC-PERPETUAL,10901.87,1601297774.928,10906.0,40.0,10906.5,76730.0,90820730
Deribit,BTC-PERPETUAL,10901.87,1601297774.929,10906.0,40.0,10906.5,75130.0,90820730
Deribit,BTC-PERPETUAL,10901.87,1601297774.93,10906.0,40.0,10906.5,73550.0,90820730
Deribit,BTC-PERPETUAL,10901.87,1601297774.93,10906.0,40.0,10906.5,71950.0,90820730
Deribit,BTC-PERPETUAL,10901.87,1601297774.932,10906.0,40.0,10906.5,70350.0,90820730
Deribit,BTC-PERPETUAL,10901.87,1601297774.933,10906.0,40.0,10906.5,68770.0,90820730
Deribit,BTC-PERPETUAL,10901.87,1601297774.933,10906.0,40.0,10906.5,67170.0,90820730
Deribit,BTC-PERPETUAL,10901.87,1601297774.934,10906.0,40.0,10906.5,65570.0,90820730
Deribit,BTC-PERPETUAL,10901.87,1601297774.935,10906.0,40.0,10906.5,63970.0,90820730
Deribit,BTC-PERPETUAL,10901.87,1601297774.957,10906.0,31520.0,10906.5,63970.0,90820730
Deribit,BTC-PERPETUAL,10901.87,1601297774.962,10906.0,31520.0,10906.5,62370.0,90820730
Deribit,BTC-PERPETUAL,10901.87,1601297774.962,10906.0,31520.0,10906.5,60770.0,90820730
Deribit,BTC-PERPETUAL,10901.87,1601297774.963,10906.0,31520.0,10906.5,59190.0,90820730
Deribit,BTC-PERPETUAL,10901.87,1601297774.963,10906.0,31520.0,10906.5,57590.0,90820730
Deribit,BTC-PERPETUAL,10901.84,1601297775.158,10906.0,31480.0,10906.5,57590.0,90820730
Deribit,BTC-PERPETUAL,10901.84,1601297775.256,10906.0,31500.0,10906.5,57590.0,90820730
Deribit,BTC-PERPETUAL,10901.84,1601297775.518,10906.0,31500.0,10906.5,57680.0,90820730
Deribit,BTC-PERPETUAL,10901.84,1601297775.749,10906.0,35900.0,10906.5,57680.0,90820730
Deribit,BTC-PERPETUAL,10901.84,1601297775.816,10906.0,31500.0,10906.5,57680.0,90820730
Deribit,ETH-PERPETUAL,364.11,1601297776.199,364.2,3674.0,364.25,37394.0,23185372
Deribit,ETH-PERPETUAL,364.09,1601297776.723,364.2,32.0,364.25,37394.0,23185372
Deribit,BTC-PERPETUAL,10901.75,1601297776.737,10906.0,54700.0,10906.5,57680.0,90820730
Deribit,BTC-PERPETUAL,10901.77,1601297777.726,10906.0,62500.0,10906.5,57680.0,90820730
Deribit,ETH-PERPETUAL,364.1,1601297777.906,364.2,3674.0,364.25,37394.0,23185372
Deribit,BTC-PERPETUAL,10901.77,1601297778.448,10906.0,62500.0,10906.5,57780.0,90820730
Deribit,ETH-PERPETUAL,364.09,1601297778.536,364.2,3684.0,364.25,37394.0,23185372
Deribit,ETH-PERPETUAL,364.09,1601297778.576,364.2,42.0,364.25,37394.0,23185372
Deribit,ETH-PERPETUAL,364.09,1601297778.579,364.2,42.0,364.25,37404.0,23185372
Deribit,BTC-PERPETUAL,10901.77,1601297778.715,10906.0,72600.0,10906.5,57780.0,90820730
Deribit,ETH-PERPETUAL,364.09,1601297778.741,364.2,42.0,364.25,37394.0,23185372
Deribit,ETH-PERPETUAL,364.09,1601297778.939,364.2,3684.0,364.25,37394.0,23185372
Deribit,ETH-PERPETUAL,364.09,1601297779.229,364.2,42.0,364.25,37394.0,23185372
Deribit,ETH-PERPETUAL,364.09,1601297779.234,364.2,42.0,364.25,37404.0,23185372
Deribit,BTC-PERPETUAL,10901.82,1601297779.365,10906.0,106200.0,10906.5,57780.0,90820730
Deribit,BTC-PERPETUAL,10901.82,1601297779.369,10906.0,107800.0,10906.5,57780.0,90820730
Deribit,BTC-PERPETUAL,10901.82,1601297779.369,10906.0,109400.0,10906.5,57780.0,90820730
Deribit,BTC-PERPETUAL,10901.82,1601297779.37,10906.0,111000.0,10906.5,57780.0,90820730
Deribit,BTC-PERPETUAL,10901.82,1601297779.37,10906.0,112600.0,10906.5,57780.0,90820730
Deribit,ETH-PERPETUAL,364.07,1601297779.512,364.2,3684.0,364.25,37404.0,23185372
Deribit,ETH-PERPETUAL,364.07,1601297780.358,364.2,3684.0,364.25,37394.0,23185372
Deribit,ETH-PERPETUAL,364.08,1601297781.173,364.2,42.0,364.25,37394.0,23185372
Deribit,ETH-PERPETUAL,364.08,1601297781.179,364.2,3684.0,364.25,37394.0,23185372
Deribit,ETH-PERPETUAL,364.08,1601297781.255,364.2,42.0,364.25,37394.0,23185372
Deribit,ETH-PERPETUAL,364.08,1601297781.261,364.2,42.0,364.25,37404.0,23185372
Deribit,ETH-PERPETUAL,364.08,1601297781.329,364.15,3641.0,364.25,37404.0,23185348
Deribit,ETH-PERPETUAL,364.08,1601297781.332,364.15,3641.0,364.2,2100.0,23185348
Deribit,ETH-PERPETUAL,364.08,1601297781.332,364.15,3641.0,364.2,20309.0,23185348
Deribit,ETH-PERPETUAL,364.08,1601297781.333,364.15,3641.0,364.2,22509.0,23185348
Deribit,ETH-PERPETUAL,364.08,1601297781.335,364.15,3641.0,364.2,29840.0,23185348
Deribit,ETH-PERPETUAL,364.08,1601297781.338,364.15,3641.0,364.2,27640.0,23185348
Deribit,ETH-PERPETUAL,364.08,1601297781.339,364.15,3641.0,364.2,57640.0,23185348
Deribit,BTC-PERPETUAL,10901.83,1601297781.347,10906.0,102500.0,10906.5,57780.0,90820730
Deribit,BTC-PERPETUAL,10901.83,1601297781.349,10906.0,94700.0,10906.5,57780.0,90820730
Deribit,ETH-PERPETUAL,364.08,1601297781.35,364.15,3641.0,364.2,57700.0,23185348
Deribit,BTC-PERPETUAL,10901.83,1601297781.355,10906.0,93100.0,10906.5,57780.0,90820730
Deribit,BTC-PERPETUAL,10901.83,1601297781.356,10906.0,91500.0,10906.5,57780.0,90820730
Deribit,BTC-PERPETUAL,10901.83,1601297781.356,10906.0,89900.0,10906.5,57780.0,90820730
Deribit,BTC-PERPETUAL,10901.83,1601297781.357,10906.0,88300.0,10906.5,57780.0,90820730
Deribit,ETH-PERPETUAL,364.08,1601297781.367,364.15,3643.0,364.2,57700.0,23185348
Deribit,ETH-PERPETUAL,364.04,1601297781.548,364.15,3661.0,364.2,57700.0,23185348
Deribit,ETH-PERPETUAL,364.04,1601297781.644,364.15,3661.0,364.2,39491.0,23185348
Deribit,ETH-PERPETUAL,364.04,1601297781.668,364.15,12764.0,364.2,39491.0,23185348
Deribit,ETH-PERPETUAL,364.04,1601297781.893,364.15,12764.0,364.2,39616.0,23185348
Deribit,ETH-PERPETUAL,364.04,1601297781.979,364.15,3661.0,364.2,39616.0,23185348
Deribit,BTC-PERPETUAL,10901.81,1601297782.986,10906.0,65100.0,10906.5,57780.0,90820730
Deribit,BTC-PERPETUAL,10901.56,1601297784.925,10906.0,70100.0,10906.5,57780.0,90820730
Deribit,BTC-PERPETUAL,10901.56,1601297784.958,10906.0,65100.0,10906.5,57780.0,90820730
Deribit,ETH-PERPETUAL,364.06,1601297786.6,364.15,3671.0,364.2,39616.0,23185348
Deribit,BTC-PERPETUAL,10901.95,1601297787.325,10906.0,65100.0,10906.5,37780.0,90820730
Deribit,BTC-PERPETUAL,10901.95,1601297787.337,10906.0,65100.0,10906.5,17780.0,90820730
Deribit,ETH-PERPETUAL,364.06,1601297787.337,364.15,3671.0,364.2,37516.0,23185348
Deribit,BTC-PERPETUAL,10901.95,1601297787.342,10906.0,142100.0,10906.5,17780.0,90820730
Deribit,BTC-PERPETUAL,10901.95,1601297787.344,10906.0,149480.0,10906.5,17780.0,90820730
Deribit,BTC-PERPETUAL,10901.95,1601297787.345,10906.0,151780.0,10906.5,17780.0,90820730
Deribit,BTC-PERPETUAL,10901.95,1601297787.351,10906.0,153380.0,10906.5,17780.0,90820730
Deribit,BTC-PERPETUAL,10901.95,1601297787.352,10906.0,154980.0,10906.5,17780.0,90820730
Deribit,BTC-PERPETUAL,10901.95,1601297787.353,10906.0,156580.0,10906.5,17780.0,90820730
Deribit,BTC-PERPETUAL,10901.95,1601297787.353,10906.0,158180.0,10906.5,17780.0,90820730
Deribit,BTC-PERPETUAL,10901.95,1601297787.377,10906.0,212710.0,10906.5,17780.0,90820730
Deribit,BTC-PERPETUAL,10901.95,1601297787.395,10906.0,212710.0,10907.0,40.0,90820640
Deribit,BTC-PERPETUAL,10901.95,1601297787.397,10906.5,1640.0,10907.0,40.0,90820640
Deribit,BTC-PERPETUAL,10901.95,1601297787.398,10906.5,2610.0,10907.0,40.0,90820640
Deribit,BTC-PERPETUAL,10901.95,1601297787.408,10906.5,36210.0,10907.0,40.0,90820640
Deribit,BTC-PERPETUAL,10901.95,1601297787.409,10906.5,37810.0,10907.0,40.0,90820640
Deribit,BTC-PERPETUAL,10901.95,1601297787.409,10906.5,39410.0,10907.0,40.0,90820640
Deribit,BTC-PERPETUAL,10901.95,1601297787.41,10906.5,46790.0,10907.0,40.0,90820640
Deribit,BTC-PERPETUAL,10901.95,1601297787.41,10906.5,49790.0,10907.0,40.0,90820640
Deribit,BTC-PERPETUAL,10901.95,1601297787.411,10906.5,51390.0,10907.0,40.0,90820640
Deribit,BTC-PERPETUAL,10901.95,1601297787.414,10906.5,49750.0,10907.0,40.0,90820640
Deribit,BTC-PERPETUAL,10901.95,1601297787.415,10906.5,51350.0,10907.0,40.0,90820640
Deribit,BTC-PERPETUAL,10901.95,1601297787.415,10906.5,183850.0,10907.0,40.0,90820640
Deribit,BTC-PERPETUAL,10901.95,1601297787.417,10906.5,182880.0,10907.0,40.0,90820640
Deribit,BTC-PERPETUAL,10901.95,1601297787.423,10906.5,184520.0,10907.0,40.0,90820640
Deribit,BTC-PERPETUAL,10901.95,1601297787.424,10906.5,186120.0,10907.0,40.0,90820640
Deribit,BTC-PERPETUAL,10901.95,1601297787.425,10906.5,187720.0,10907.0,40.0,90820640
Deribit,BTC-PERPETUAL,10901.95,1601297787.426,10906.5,189320.0,10907.0,40.0,90820640
Deribit,BTC-PERPETUAL,10901.95,1601297787.427,10906.5,190290.0,10907.0,40.0,90820640
Deribit,BTC-PERPETUAL,10901.95,1601297787.427,10906.5,191890.0,10907.0,40.0,90820640
Deribit,BTC-PERPETUAL,10901.95,1601297787.428,10906.5,193490.0,10907.0,40.0,90820640
Deribit,BTC-PERPETUAL,10901.95,1601297787.428,10906.5,195090.0,10907.0,40.0,90820640
Deribit,BTC-PERPETUAL,10901.95,1601297787.429,10906.5,196690.0,10907.0,40.0,90820640
Deribit,BTC-PERPETUAL,10901.95,1601297787.43,10906.5,195090.0,10907.0,40.0,90820640
Deribit,BTC-PERPETUAL,10901.95,1601297787.43,10906.5,196690.0,10907.0,40.0,90820640
Deribit,BTC-PERPETUAL,10901.95,1601297787.431,10906.5,195090.0,10907.0,40.0,90820640
Deribit,BTC-PERPETUAL,10901.95,1601297787.432,10906.5,193490.0,10907.0,40.0,90820640
Deribit,BTC-PERPETUAL,10901.95,1601297787.432,10906.5,191890.0,10907.0,40.0,90820640
Deribit,btc_usd,10940.13,1601298934.191,10947.5,94670.0,10948.0,390.0,91311250
Deribit,eth_usd,365.11,1601298934.183,365.3,16448.0,365.35,50.0,23174539
Deribit,btc_usd,10940.84,1601298934.275,10947.5,94670.0,10948.0,390.0,91311250
Deribit,btc_usd,10940.84,1601298934.307,10947.5,103120.0,10948.0,390.0,91311250
Deribit,btc_usd,10940.84,1601298934.349,10947.5,103120.0,10948.0,410.0,91311250
Deribit,btc_usd,10940.84,1601298934.45,10947.5,103130.0,10948.0,410.0,91311250
Deribit,eth_usd,365.15,1601298934.517,365.3,16448.0,365.4,10982.0,23174571
Deribit,eth_usd,365.15,1601298934.52,365.35,14255.0,365.4,10982.0,23174571
Deribit,eth_usd,365.15,1601298934.521,365.35,17908.0,365.4,10982.0,23174571
Deribit,eth_usd,365.15,1601298934.522,365.35,19708.0,365.4,10982.0,23174571
Deribit,eth_usd,365.15,1601298934.524,365.35,17908.0,365.4,10982.0,23174571
Deribit,eth_usd,365.15,1601298934.525,365.35,17918.0,365.4,10982.0,23174571
Deribit,btc_usd,10940.84,1601298934.637,10947.5,103340.0,10948.0,410.0,91311250
Deribit,eth_usd,365.15,1601298934.675,365.35,17918.0,365.4,21.0,23174571
Deribit,btc_usd,10940.84,1601298934.72,10947.5,103330.0,10948.0,410.0,91311250
Deribit,btc_usd,10940.84,1601298934.848,10947.5,103620.0,10948.0,410.0,91311250
Deribit,eth_usd,365.15,1601298934.849,365.35,17918.0,365.4,39.0,23174571
Deribit,eth_usd,365.15,1601298934.852,365.35,17918.0,365.4,56.0,23174571
Deribit,eth_usd,365.15,1601298934.859,365.35,17918.0,365.4,11017.0,23174571
Deribit,btc_usd,10940.84,1601298934.964,10947.5,52020.0,10948.0,410.0,91311250
Deribit,eth_usd,365.15,1601298934.985,365.35,17918.0,365.4,56.0,23174571
Deribit,btc_usd,10940.84,1601298935.013,10947.5,52030.0,10948.0,410.0,91311250
Deribit,eth_usd,365.15,1601298935.088,365.35,17918.0,365.4,66.0,23174571
Deribit,eth_usd,365.15,1601298935.107,365.35,17978.0,365.4,66.0,23174571
Deribit,eth_usd,365.15,1601298935.115,365.35,17978.0,365.4,76.0,23174571
Deribit,eth_usd,365.15,1601298935.153,365.35,18100.0,365.4,76.0,23174571
Deribit,eth_usd,365.15,1601298935.18,365.35,18100.0,365.4,5176.0,23174571
Deribit,btc_usd,10940.68,1601298935.299,10947.5,52020.0,10948.0,410.0,91311250
Deribit,btc_usd,10940.68,1601298935.359,10947.5,52000.0,10948.0,410.0,91311270
Deribit,btc_usd,10940.68,1601298935.362,10947.5,52000.0,10948.0,11910.0,91311270
Deribit,btc_usd,10940.68,1601298935.367,10947.5,52000.0,10948.0,410.0,91311270
Deribit,btc_usd,10940.68,1601298935.37,10947.5,51030.0,10948.0,410.0,91311270
Deribit,btc_usd,10940.68,1601298935.37,10947.5,49410.0,10948.0,410.0,91311270
Deribit,btc_usd,10940.68,1601298935.372,10947.5,50380.0,10948.0,410.0,91311270
Deribit,btc_usd,10940.68,1601298935.377,10947.5,52020.0,10948.0,410.0,91311270
Deribit,eth_usd,365.16,1601298935.482,365.35,18100.0,365.4,16137.0,23174571
Deribit,btc_usd,10940.68,1601298935.674,10947.5,52020.0,10948.0,16010.0,91311270
Deribit,btc_usd,10940.68,1601298935.677,10947.5,50380.0,10948.0,16010.0,91311270
Deribit,btc_usd,10940.68,1601298935.678,10947.5,49410.0,10948.0,16010.0,91311270
Deribit,btc_usd,10940.68,1601298935.876,10947.5,49410.0,10948.0,410.0,91311270
Deribit,btc_usd,10940.68,1601298936.123,10947.5,40960.0,10948.0,410.0,91311270
Deribit,eth_usd,365.16,1601298936.452,365.35,18100.0,365.4,5176.0,23174571
Deribit,eth_usd,365.2,1601298936.537,365.35,18100.0,365.4,16137.0,23174571
Deribit,btc_usd,10941.02,1601298936.663,10947.5,40960.0,10948.0,11010.0,91311270
Deribit,eth_usd,365.2,1601298936.714,365.35,18100.0,365.4,5176.0,23174571
Deribit,eth_usd,365.2,1601298936.752,365.35,18100.0,365.4,16137.0,23174571
Deribit,eth_usd,365.2,1601298936.846,365.35,18100.0,365.4,5176.0,23174571
Deribit,eth_usd,365.2,1601298937.158,365.35,18100.0,365.4,7876.0,23174571
Deribit,btc_usd,10941.02,1601298937.218,10947.5,40960.0,10948.0,44220.0,91311270
Deribit,eth_usd,365.2,1601298937.322,365.35,18100.0,365.4,18837.0,23174571
Deribit,btc_usd,10941.02,1601298937.391,10947.5,40960.0,10948.0,45820.0,91311270
Deribit,btc_usd,10941.02,1601298937.392,10947.5,40960.0,10948.0,47420.0,91311270
Deribit,btc_usd,10941.02,1601298937.392,10947.5,40960.0,10948.0,49020.0,91311270
Deribit,btc_usd,10941.02,1601298937.393,10947.5,40960.0,10948.0,50620.0,91311270
Deribit,eth_usd,365.2,1601298937.431,365.35,3845.0,365.4,18837.0,23174571
Deribit,eth_usd,365.2,1601298937.445,365.35,3785.0,365.4,18837.0,23174571
Deribit,btc_usd,10941.02,1601298937.652,10947.5,40960.0,10948.0,57220.0,91311270
Deribit,btc_usd,10941.02,1601298937.71,10947.5,40960.0,10948.0,50620.0,91311270
Deribit,eth_usd,365.18,1601298937.718,365.35,3775.0,365.4,18837.0,23174571
Deribit,btc_usd,10941.02,1601298937.763,10947.5,40960.0,10948.0,50940.0,91311270
Deribit,btc_usd,10941.02,1601298937.897,10947.5,40960.0,10948.0,50950.0,91311270
Deribit,btc_usd,10941.02,1601298937.919,10947.5,40960.0,10948.0,50960.0,91311270
Deribit,btc_usd,10941.02,1601298937.938,10947.5,40960.0,10948.0,51010.0,91311270
Deribit,eth_usd,365.18,1601298938.146,365.35,5275.0,365.4,18837.0,23174571
Deribit,btc_usd,10941.02,1601298938.205,10947.5,40960.0,10948.0,17800.0,91311270
Deribit,btc_usd,10941.02,1601298938.206,10947.5,40960.0,10948.0,7200.0,91311270
Deribit,btc_usd,10941.02,1601298938.209,10947.5,40960.0,10948.0,5600.0,91311270
Deribit,btc_usd,10941.02,1601298938.21,10947.5,40960.0,10948.0,4000.0,91311270
Deribit,btc_usd,10941.02,1601298938.211,10947.5,40960.0,10948.0,2400.0,91311270
Deribit,btc_usd,10941.02,1601298938.213,10947.5,40960.0,10948.0,800.0,91311270
Deribit,eth_usd,365.18,1601298938.259,365.35,5275.0,365.4,16137.0,23174571
Deribit,eth_usd,365.21,1601298938.6,365.35,3775.0,365.4,16137.0,23174571
Deribit,btc_usd,10940.85,1601298938.641,10947.5,40960.0,10948.0,2500.0,91311270
Deribit,eth_usd,365.21,1601298939.135,365.35,4375.0,365.4,16137.0,23174571
Deribit,eth_usd,365.21,1601298939.187,365.35,3775.0,365.4,16137.0,23174571
Deribit,btc_usd,10940.92,1601298939.326,10947.5,40960.0,10948.0,2600.0,91311270
Deribit,eth_usd,365.21,1601298939.352,365.35,3775.0,365.4,16147.0,23174571
Deribit,btc_usd,10940.92,1601298939.63,10947.5,40960.0,10948.0,5500.0,91311270
Deribit,btc_usd,10940.92,1601298939.638,10947.5,40960.0,10948.0,2600.0,91311270
Deribit,btc_usd,10940.92,1601298939.64,10947.5,40960.0,10948.0,900.0,91311270
Deribit,eth_usd,365.21,1601298939.686,365.35,3775.0,365.4,5186.0,23174571
Deribit,eth_usd,365.21,1601298939.689,365.35,3775.0,365.4,86.0,23174571
Deribit,eth_usd,365.21,1601298939.695,365.35,3775.0,365.4,76.0,23174571
Deribit,eth_usd,365.21,1601298939.697,365.35,10275.0,365.4,76.0,23174571
Deribit,eth_usd,365.21,1601298939.705,365.35,10335.0,365.4,76.0,23174571
Deribit,eth_usd,365.21,1601298939.72,365.35,10345.0,365.4,76.0,23174571
Deribit,eth_usd,365.21,1601298940.124,365.35,10345.0,365.4,2076.0,23174571
Deribit,eth_usd,365.21,1601298940.487,365.35,3845.0,365.4,2076.0,23174571
Deribit,btc_usd,10941.05,1601298940.618,10947.5,44560.0,10948.0,900.0,91311270
Deribit,btc_usd,10941.05,1601298940.807,10947.5,40960.0,10948.0,900.0,91311270
Deribit,eth_usd,365.22,1601298940.954,365.35,3845.0,365.4,13037.0,23174571
Deribit,eth_usd,365.22,1601298940.957,365.35,3845.0,365.4,2076.0,23174571
Deribit,eth_usd,365.22,1601298940.97,365.35,3845.0,365.4,13037.0,23174571
Deribit,eth_usd,365.22,1601298941.091,365.35,3845.0,365.4,2076.0,23174571
Deribit,eth_usd,365.22,1601298941.113,365.35,6045.0,365.4,2076.0,23174571
Deribit,eth_usd,365.22,1601298941.114,365.35,6045.0,365.4,5876.0,23174571
Deribit,eth_usd,365.22,1601298941.252,365.35,6045.0,365.4,16837.0,23174571
Deribit,eth_usd,365.25,1601298941.534,365.35,3845.0,365.4,16837.0,23174571
Deribit,eth_usd,365.25,1601298941.573,365.35,3845.0,365.4,5876.0,23174571
Deribit,btc_usd,10941.28,1601298941.607,10947.5,41660.0,10948.0,900.0,91311270
Deribit,btc_usd,10941.28,1601298941.609,10947.5,41660.0,10948.0,4300.0,91311270
Deribit,btc_usd,10941.28,1601298941.611,10947.5,40960.0,10948.0,4300.0,91311270
Deribit,eth_usd,365.25,1601298941.658,365.35,3845.0,365.4,16837.0,23174571
Deribit,eth_usd,365.25,1601298942.103,365.35,3845.0,365.4,27799.0,23174571
Deribit,eth_usd,365.25,1601298942.387,365.35,3835.0,365.4,27799.0,23174571
Deribit,eth_usd,365.25,1601298942.394,365.35,3775.0,365.4,27799.0,23174571
Deribit,eth_usd,365.2,1601298942.51,365.35,3775.0,365.4,27799.0,23174571
Deribit,btc_usd,10940.84,1601298942.596,10947.5,40960.0,10948.0,29700.0,91311270
Deribit,btc_usd,10938.22,1601299260.314,10941.5,3010.0,10942.0,73520.0,91339760
Deribit,eth_usd,364.81,1601299260.374,364.9,3685.0,364.95,42811.0,23169286
Deribit,btc_usd,10938.22,1601299260.501,10941.5,3010.0,10942.0,73550.0,91339760
Deribit,eth_usd,364.81,1601299260.673,364.9,36.0,364.95,42811.0,23169286
Deribit,eth_usd,364.81,1601299260.711,364.9,3685.0,364.95,42811.0,23169286
Deribit,eth_usd,364.8,1601299260.75,364.9,36.0,364.95,42811.0,23169286
Deribit,eth_usd,364.8,1601299260.871,364.85,3665.0,364.95,42811.0,23169304
Deribit,eth_usd,364.8,1601299260.874,364.85,3665.0,364.9,7800.0,23169304
Deribit,eth_usd,364.8,1601299260.874,364.85,3665.0,364.9,18847.0,23169304
Deribit,eth_usd,364.8,1601299260.875,364.85,3665.0,364.9,21147.0,23169304
Deribit,eth_usd,364.8,1601299260.876,364.85,3665.0,364.9,33827.0,23169304
Deribit,eth_usd,364.8,1601299260.877,364.85,3665.0,364.9,31527.0,23169304
Deribit,eth_usd,364.8,1601299260.879,364.85,17.0,364.9,31527.0,23169304
Deribit,eth_usd,364.8,1601299260.918,364.85,3665.0,364.9,31527.0,23169304
Deribit,eth_usd,364.8,1601299260.939,364.85,3667.0,364.9,31527.0,23169304
Deribit,eth_usd,364.8,1601299261.093,364.85,3685.0,364.9,31527.0,23169304
Deribit,eth_usd,364.8,1601299261.173,364.85,3668.0,364.9,31527.0,23169304
Deribit,eth_usd,364.8,1601299261.189,364.85,3736.0,364.9,31527.0,23169304
Deribit,eth_usd,364.8,1601299261.499,364.85,88.0,364.9,31527.0,23169304
Deribit,eth_usd,364.8,1601299261.502,364.85,1988.0,364.9,31527.0,23169304
Deribit,btc_usd,10938.03,1601299261.503,10941.5,10.0,10942.0,73550.0,91339760
Deribit,eth_usd,364.8,1601299261.517,364.85,88.0,364.9,31527.0,23169304
Deribit,btc_usd,10938.03,1601299261.518,10941.0,40.0,10942.0,73550.0,91339760
Deribit,btc_usd,10938.03,1601299261.52,10941.0,40.0,10941.5,2730.0,91339760
Deribit,btc_usd,10938.03,1601299261.521,10941.0,40.0,10941.5,4330.0,91339760
Deribit,btc_usd,10938.03,1601299261.522,10941.0,40.0,10941.5,6500.0,91339760
Deribit,btc_usd,10938.03,1601299261.524,10941.0,40.0,10941.5,139200.0,91339760
Deribit,btc_usd,10938.03,1601299261.524,10941.0,40.0,10941.5,140800.0,91339760
Deribit,btc_usd,10938.03,1601299261.528,10941.0,40.0,10941.5,160800.0,91339760
Deribit,btc_usd,10938.03,1601299261.529,10941.0,40.0,10941.5,162400.0,91339760
Deribit,btc_usd,10938.03,1601299261.53,10941.0,40.0,10941.5,164000.0,91339760
Deribit,btc_usd,10938.03,1601299261.543,10940.5,40.0,10941.5,164000.0,91339760
Deribit,btc_usd,10938.03,1601299261.548,10940.5,40.0,10941.0,1600.0,91339760
Deribit,btc_usd,10938.03,1601299261.549,10940.5,40.0,10941.0,3200.0,91339760
Deribit,eth_usd,364.8,1601299261.55,364.85,88.0,364.9,61527.0,23169304
Deribit,btc_usd,10938.03,1601299261.55,10940.5,40.0,10941.0,4800.0,91339760
Deribit,btc_usd,10938.03,1601299261.551,10940.5,40.0,10941.0,6400.0,91339760
Deribit,btc_usd,10938.03,1601299261.554,10940.5,40.0,10941.0,139100.0,91339760
Deribit,btc_usd,10938.03,1601299261.556,10940.5,40.0,10941.0,159100.0,91339760
Deribit,btc_usd,10938.03,1601299261.558,10940.0,200.0,10941.0,159100.0,91339760
Deribit,btc_usd,10938.03,1601299261.566,10940.0,200.0,10940.5,1600.0,91339760
Deribit,btc_usd,10937.79,1601299261.568,10940.0,200.0,10940.5,3200.0,91339760
Deribit,btc_usd,10937.79,1601299261.569,10940.0,200.0,10940.5,4800.0,91339760
Deribit,btc_usd,10937.79,1601299261.57,10940.0,200.0,10940.5,6400.0,91339760
Deribit,eth_usd,364.8,1601299261.569,364.8,3755.0,364.9,61527.0,23169302
Deribit,btc_usd,10937.79,1601299261.579,10939.5,35940.0,10940.5,6400.0,91339610
Deribit,btc_usd,10937.79,1601299261.586,10939.5,34140.0,10940.5,6400.0,91339610
Deribit,btc_usd,10937.79,1601299261.587,10939.5,34140.0,10940.5,26400.0,91339610
Deribit,btc_usd,10937.79,1601299261.588,10939.5,34140.0,10940.0,1600.0,91339610
Deribit,btc_usd,10937.79,1601299261.589,10939.5,34140.0,10940.0,3200.0,91339610
Deribit,btc_usd,10937.79,1601299261.59,10939.5,34140.0,10940.0,4800.0,91339610
Deribit,btc_usd,10937.79,1601299261.59,10939.5,34140.0,10940.0,6400.0,91339610
Deribit,btc_usd,10937.79,1601299261.592,10939.5,540.0,10940.0,6400.0,91339610
Deribit,btc_usd,10937.79,1601299261.596,10939.5,540.0,10940.0,139100.0,91339610
Deribit,eth_usd,364.8,1601299261.597,364.8,3755.0,364.85,12678.0,23169302
Deribit,eth_usd,364.8,1601299261.601,364.8,3755.0,364.85,16378.0,23169302
Deribit,btc_usd,10937.79,1601299261.601,10939.0,34640.0,10940.0,139100.0,91339110
Deribit,btc_usd,10937.79,1601299261.609,10939.0,34640.0,10939.5,1600.0,91339110
Deribit,btc_usd,10937.79,1601299261.61,10939.0,34640.0,10939.5,3200.0,91339110
Deribit,btc_usd,10937.79,1601299261.612,10939.0,34640.0,10939.5,4800.0,91339110
Deribit,btc_usd,10937.79,1601299261.613,10939.0,34640.0,10939.5,6400.0,91339110
Deribit,eth_usd,364.8,1601299261.617,364.8,107.0,364.85,16378.0,23169302
Deribit,btc_usd,10937.79,1601299261.617,10939.0,34640.0,10939.5,139100.0,91339110
Deribit,eth_usd,364.8,1601299261.623,364.8,107.0,364.85,46378.0,23169302
Deribit,eth_usd,364.8,1601299261.628,364.8,3755.0,364.85,46378.0,23169302
Deribit,btc_usd,10937.79,1601299261.629,10939.0,33640.0,10939.5,139100.0,91339110
Deribit,btc_usd,10937.79,1601299261.651,10939.0,40.0,10939.5,139100.0,91339110
Deribit,eth_usd,364.8,1601299261.677,364.8,107.0,364.85,46378.0,23169302
Deribit,eth_usd,364.8,1601299261.694,364.8,107.0,364.85,42678.0,23169302
Deribit,eth_usd,364.8,1601299261.696,364.75,5351.0,364.85,42678.0,23169386
Deribit,eth_usd,364.8,1601299261.698,364.75,5351.0,364.8,8400.0,23169386
Deribit,eth_usd,364.8,1601299261.7,364.75,5351.0,364.8,11600.0,23169386
Deribit,eth_usd,364.8,1601299261.701,364.75,5351.0,364.8,24277.0,23169386
Deribit,eth_usd,364.8,1601299261.703,364.75,5351.0,364.8,35321.0,23169386
Deribit,eth_usd,364.8,1601299261.704,364.75,1704.0,364.8,35321.0,23169386
Deribit,eth_usd,364.8,1601299261.721,364.75,704.0,364.8,35321.0,23169386
Deribit,eth_usd,364.8,1601299261.722,364.75,404.0,364.8,35321.0,23169386
Deribit,eth_usd,364.78,1601299261.758,364.75,704.0,364.8,35321.0,23169386
Deribit,eth_usd,364.78,1601299261.779,364.75,711.0,364.8,35321.0,23169386
Deribit,btc_usd,10937.79,1601299261.781,10939.0,40.0,10939.5,139120.0,91339110
Deribit,eth_usd,364.78,1601299261.786,364.75,411.0,364.8,35321.0,23169386
Deribit,btc_usd,10937.79,1601299261.821,10938.5,3040.0,10939.5,139120.0,91339110
Deribit,eth_usd,364.78,1601299261.837,364.75,4058.0,364.8,35321.0,23169386
Deribit,eth_usd,364.78,1601299261.883,364.75,4076.0,364.8,35321.0,23169386
Deribit,eth_usd,364.78,1601299261.926,364.75,4135.0,364.8,35321.0,23169386
Deribit,btc_usd,10937.79,1601299262.001,10938.5,3000.0,10939.5,139120.0,91339110
Deribit,eth_usd,364.78,1601299262.054,364.75,488.0,364.8,35321.0,23169386
Deribit,btc_usd,10937.79,1601299262.059,10938.5,3000.0,10939.5,139100.0,91339110
Deribit,eth_usd,364.78,1601299262.095,364.75,404.0,364.8,35321.0,23169386
Deribit,eth_usd,364.78,1601299262.133,364.75,406.0,364.8,35321.0,23169386
Deribit,eth_usd,364.78,1601299262.142,364.75,442.0,364.8,35321.0,23169386
Deribit,eth_usd,364.78,1601299262.157,364.75,383.0,364.8,35321.0,23169386
Deribit,btc_usd,10937.79,1601299262.168,10938.5,3000.0,10939.0,3000.0,91339110
Deribit,btc_usd,10937.79,1601299262.17,10938.5,3000.0,10939.0,109600.0,91339110
Deribit,btc_usd,10937.79,1601299262.172,10938.5,3000.0,10939.0,111200.0,91339110
Deribit,btc_usd,10937.79,1601299262.173,10938.5,3000.0,10939.0,112800.0,91339110
Deribit,btc_usd,10937.79,1601299262.174,10938.5,3000.0,10939.0,114400.0,91339110
Deribit,btc_usd,10937.79,1601299262.174,10938.5,3000.0,10939.0,116000.0,91339110
Deribit,btc_usd,10936.83,1601299306.689,10939.0,37670.0,10939.5,58870.0,91325020
Deribit,eth_usd,364.63,1601299306.644,364.65,3967.0,364.7,19976.0,23160923
Deribit,eth_usd,364.63,1601299306.989,364.65,7167.0,364.7,19976.0,23160923
Deribit,eth_usd,364.62,1601299307.134,364.65,3967.0,364.7,19976.0,23160923
Deribit,btc_usd,10936.79,1601299307.283,10939.0,37670.0,10939.5,92470.0,91325020
Deribit,btc_usd,10936.79,1601299307.302,10939.0,37670.0,10939.5,58870.0,91325020
Deribit,btc_usd,10936.79,1601299307.302,10939.0,37670.0,10939.5,60870.0,91325020
Deribit,eth_usd,364.62,1601299307.39,364.65,3907.0,364.7,19976.0,23160923
Deribit,eth_usd,364.62,1601299307.449,364.65,3107.0,364.7,19976.0,23160923
Deribit,btc_usd,10936.79,1601299307.483,10939.0,37670.0,10939.5,68870.0,91325020
Deribit,eth_usd,364.62,1601299307.506,364.65,3107.0,364.7,49976.0,23160923
Deribit,eth_usd,364.62,1601299307.589,364.65,2407.0,364.7,49976.0,23160923
Deribit,btc_usd,10936.79,1601299307.618,10939.0,35870.0,10939.5,68870.0,91325020
Deribit,eth_usd,364.62,1601299307.816,364.65,807.0,364.7,49976.0,23160923
Deribit,eth_usd,364.62,1601299307.978,364.65,3207.0,364.7,49976.0,23160923
Deribit,btc_usd,10936.36,1601299308.0,10939.0,35870.0,10939.5,69870.0,91325020
Deribit,eth_usd,364.63,1601299308.087,364.65,3207.0,364.7,50092.0,23160923
Deribit,btc_usd,10936.36,1601299308.094,10939.0,120.0,10939.5,69870.0,91325020
Deribit,eth_usd,364.63,1601299308.102,364.65,807.0,364.7,50092.0,23160923
Deribit,btc_usd,10936.36,1601299308.103,10939.0,120.0,10939.5,103470.0,91325020
Deribit,btc_usd,10936.36,1601299308.117,10939.0,120.0,10939.5,123470.0,91325020
Deribit,btc_usd,10936.36,1601299308.264,10939.0,120.0,10939.5,103470.0,91325020
Deribit,btc_usd,10936.36,1601299308.472,10939.0,120.0,10939.5,108170.0,91325020
Deribit,btc_usd,10936.36,1601299308.533,10939.0,120.0,10939.5,103470.0,91325020
Deribit,eth_usd,364.63,1601299308.967,364.65,4407.0,364.7,50092.0,23160923
Deribit,btc_usd,10936.36,1601299309.613,10939.0,120.0,10939.5,95470.0,91325020
Deribit,eth_usd,364.63,1601299309.769,364.65,4351.0,364.7,50092.0,23160923
Deribit,eth_usd,364.63,1601299309.956,364.65,6551.0,364.7,50092.0,23160923
Deribit,eth_usd,364.63,1601299310.015,364.65,4351.0,364.7,50092.0,23160923
Deribit,btc_usd,10936.35,1601299310.025,10939.0,120.0,10939.5,115470.0,91325020
Deribit,btc_usd,10936.35,1601299310.034,10939.0,120.0,10939.5,120470.0,91325020
Deribit,btc_usd,10936.35,1601299310.042,10939.0,120.0,10939.5,120560.0,91325020
Deribit,eth_usd,364.63,1601299310.16,364.65,4404.0,364.7,50092.0,23160923
Deribit,btc_usd,10936.35,1601299310.796,10939.0,120.0,10939.5,118560.0,91325020
Deribit,eth_usd,364.63,1601299310.944,364.65,7304.0,364.7,50092.0,23160923
Deribit,eth_usd,364.64,1601299311.453,364.65,7364.0,364.7,50092.0,23160923
Deribit,eth_usd,364.64,1601299312.05,364.65,4464.0,364.7,50092.0,23160923
Deribit,btc_usd,10936.58,1601299312.269,10939.0,120.0,10939.5,113560.0,91325020
Deribit,btc_usd,10936.58,1601299312.271,10939.0,120.0,10939.5,93560.0,91325020
Deribit,btc_usd,10936.58,1601299312.428,10939.0,5520.0,10939.5,93560.0,91325020
Deribit,btc_usd,10936.58,1601299312.444,10939.0,7320.0,10939.5,93560.0,91325020
Deribit,btc_usd,10936.58,1601299312.645,10939.0,1920.0,10939.5,93560.0,91325020
Deribit,eth_usd,364.64,1601299312.924,364.65,5464.0,364.7,50092.0,23160923
Deribit,eth_usd,364.64,1601299312.994,364.65,4464.0,364.7,50092.0,23160923
Deribit,eth_usd,364.64,1601299313.049,364.65,864.0,364.7,50092.0,23160923
Deribit,eth_usd,364.64,1601299313.138,364.65,804.0,364.7,50092.0,23160923
Deribit,eth_usd,364.64,1601299313.189,364.65,659.0,364.7,50092.0,23161068
Deribit,btc_usd,10936.53,1601299313.27,10939.0,1920.0,10939.5,95560.0,91325020
Deribit,eth_usd,364.64,1601299313.753,364.65,606.0,364.7,50092.0,23161068
Deribit,eth_usd,364.64,1601299313.911,364.65,1806.0,364.7,50092.0,23161068
Deribit,eth_usd,364.64,1601299314.098,364.65,1856.0,364.7,50092.0,23161068
Deribit,btc_usd,10936.42,1601299314.149,10939.0,1920.0,10939.5,93560.0,91325020
Deribit,eth_usd,364.62,1601299314.368,364.65,656.0,364.7,50092.0,23161068
Deribit,btc_usd,10936.42,1601299314.61,10939.0,1920.0,10939.5,95560.0,91325020
Deribit,eth_usd,364.62,1601299314.9,364.65,2056.0,364.7,50092.0,23161068
Deribit,eth_usd,364.62,1601299315.152,364.65,656.0,364.7,50092.0,23161068
Deribit,btc_usd,10936.41,1601299315.222,10939.0,1920.0,10939.5,93560.0,91325020
Deribit,eth_usd,364.62,1601299315.256,364.6,66.0,364.7,50092.0,23161046
Deribit,eth_usd,364.62,1601299315.26,364.6,66.0,364.65,8000.0,23161046
Deribit,eth_usd,364.62,1601299315.263,364.6,66.0,364.65,9900.0,23161046
Deribit,eth_usd,364.62,1601299315.264,364.55,4104.0,364.65,9900.0,23161099
Deribit,eth_usd,364.62,1601299315.265,364.55,4104.0,364.65,15900.0,23161099
Deribit,eth_usd,364.62,1601299315.266,364.55,4104.0,364.65,28120.0,23161099
Deribit,eth_usd,364.62,1601299315.267,364.55,4104.0,364.65,58120.0,23161099
Deribit,eth_usd,364.62,1601299315.267,364.55,4104.0,364.6,4600.0,23161099
Deribit,eth_usd,364.62,1601299315.27,364.55,4104.0,364.6,7200.0,23161099
Deribit,eth_usd,364.62,1601299315.272,364.55,2190.0,364.6,7200.0,23161099
Deribit,eth_usd,364.62,1601299315.273,364.55,2190.0,364.6,27161.0,23161099
Deribit,eth_usd,364.62,1601299315.31,364.55,2192.0,364.6,27161.0,23161099
Deribit,eth_usd,364.62,1601299315.324,364.55,1192.0,364.6,27161.0,23161099
Deribit,eth_usd,364.62,1601299315.424,364.55,392.0,364.6,27161.0,23161099
Deribit,eth_usd,364.62,1601299315.472,364.55,308.0,364.6,27161.0,23161099
Deribit,eth_usd,364.62,1601299315.477,364.55,8.0,364.6,27161.0,23161099
Deribit,eth_usd,364.62,1601299315.481,364.55,26.0,364.6,27161.0,23161099
Deribit,btc_usd,10936.41,1601299315.751,10939.0,1920.0,10939.5,95560.0,91325020
Deribit,eth_usd,364.62,1601299315.769,364.55,93.0,364.6,27161.0,23161099
Deribit,eth_usd,364.62,1601299315.889,364.55,4293.0,364.6,27161.0,23161099
Deribit,eth_usd,364.62,1601299315.896,364.55,4295.0,364.6,27161.0,23161099
Deribit,btc_usd,10936.41,1601299315.91,10939.0,1920.0,10939.5,115560.0,91325020
Deribit,eth_usd,364.62,1601299315.937,364.55,95.0,364.6,27161.0,23161099
Deribit,btc_usd,10936.3,1601299315.962,10939.0,1920.0,10939.5,120560.0,91325020
Deribit,btc_usd,10936.3,1601299316.047,10939.0,1920.0,10939.5,86960.0,91325020
Deribit,eth_usd,364.62,1601299316.051,364.55,95.0,364.6,27177.0,23161099
Deribit,eth_usd,364.57,1601299316.127,364.55,95.0,364.6,27177.0,23161099
Deribit,eth_usd,364.57,1601299316.167,364.55,95.0,364.6,27293.0,23161099
Deribit,btc_usd,10936.3,1601299316.219,10939.0,120.0,10939.5,86960.0,91325020
Deribit,eth_usd,364.57,1601299316.371,364.55,95.0,364.6,57293.0,23161099
Deribit,btc_usd,10936.3,1601299316.383,10939.0,120.0,10939.5,92660.0,91325020
Deribit,btc_usd,10936.3,1601299316.384,10939.0,120.0,10939.5,90660.0,91325020
Deribit,btc_usd,10936.3,1601299316.419,10939.0,120.0,10939.5,84960.0,91325020
Deribit,eth_usd,364.57,1601299316.877,364.55,3095.0,364.6,57293.0,23161099
Deribit,btc_usd,10936.3,1601299316.889,10939.0,120.0,10939.5,86960.0,91325020
Deribit,btc_usd,10936.3,1601299316.904,10939.0,120.0,10939.5,89690.0,91325020
Deribit,eth_usd,364.57,1601299316.967,364.55,95.0,364.6,57293.0,23161099
Deribit,btc_usd,10936.18,1601299316.977,10939.0,120.0,10939.5,123290.0,91325020
Deribit,btc_usd,10936.18,1601299317.652,10939.0,120.0,10939.5,123300.0,91325020
Deribit,btc_usd,10936.18,1601299317.676,10939.0,120.0,10939.5,120570.0,91325020
Deribit,eth_usd,364.57,1601299317.843,364.55,95.0,364.6,54693.0,23161099
Deribit,btc_usd,10929.03,1601299386.28,10930.5,20250.0,10931.0,1010.0,91328690
Deribit,eth_usd,364.14,1601299386.148,364.15,7462.0,364.2,7932.0,23178832
Deribit,btc_usd,10929.03,1601299386.314,10930.5,20230.0,10931.0,1010.0,91328690
Deribit,eth_usd,364.14,1601299386.368,364.15,7462.0,364.2,3832.0,23178832
Deribit,eth_usd,364.14,1601299386.592,364.15,180.0,364.2,3832.0,23178832
Deribit,btc_usd,10928.58,1601299386.592,10930.5,22230.0,10931.0,1010.0,91328690
Deribit,btc_usd,10928.58,1601299386.593,10930.5,22230.0,10931.0,47210.0,91328690
Deribit,btc_usd,10928.58,1601299386.594,10930.5,20230.0,10931.0,47210.0,91328690
Deribit,btc_usd,10928.58,1601299386.6,10930.5,20230.0,10931.0,48810.0,91328690
Deribit,btc_usd,10928.58,1601299386.622,10930.5,20230.0,10931.0,50410.0,91328690
Deribit,btc_usd,10928.58,1601299386.625,10930.5,20230.0,10931.0,52010.0,91328690
Deribit,btc_usd,10928.58,1601299386.642,10930.5,20230.0,10931.0,53610.0,91328690
Deribit,btc_usd,10928.58,1601299386.653,10930.5,20230.0,10931.0,103610.0,91328690
Deribit,btc_usd,10928.58,1601299386.775,10930.5,20250.0,10931.0,103610.0,91328690
Deribit,eth_usd,364.12,1601299386.813,364.1,7365.0,364.2,3832.0,23178862
Deribit,eth_usd,364.12,1601299386.817,364.1,7365.0,364.15,9300.0,23178862
Deribit,eth_usd,364.12,1601299386.818,364.1,7365.0,364.15,21503.0,23178862
Deribit,eth_usd,364.12,1601299386.818,364.1,7365.0,364.15,24103.0,23178862
Deribit,eth_usd,364.12,1601299386.819,364.1,7365.0,364.15,27744.0,23178862
Deribit,eth_usd,364.12,1601299386.82,364.1,7365.0,364.15,25144.0,23178862
Deribit,eth_usd,364.12,1601299386.821,364.1,7365.0,364.15,25787.0,23178862
Deribit,eth_usd,364.12,1601299386.824,364.1,84.0,364.15,25787.0,23178862
Deribit,eth_usd,364.12,1601299387.01,364.1,102.0,364.15,25787.0,23178862
Deribit,eth_usd,364.12,1601299387.086,364.1,302.0,364.15,25787.0,23178862
Deribit,eth_usd,364.12,1601299387.099,364.1,102.0,364.15,25787.0,23178862
Deribit,eth_usd,364.12,1601299387.107,364.1,502.0,364.15,25787.0,23178862
Deribit,eth_usd,364.12,1601299387.114,364.1,418.0,364.15,25787.0,23178862
Deribit,eth_usd,364.12,1601299387.133,364.1,482.0,364.15,25787.0,23178862
Deribit,eth_usd,364.12,1601299387.359,364.05,7366.0,364.15,25787.0,23178944
Deribit,eth_usd,364.12,1601299387.362,364.05,7366.0,364.1,5500.0,23178944
Deribit,eth_usd,364.12,1601299387.363,364.05,7366.0,364.1,9141.0,23178944
Deribit,eth_usd,364.12,1601299387.364,364.05,7366.0,364.1,12941.0,23178944
Deribit,eth_usd,364.12,1601299387.365,364.05,7366.0,364.1,9141.0,23178944
Deribit,eth_usd,364.12,1601299387.373,364.05,7376.0,364.1,9141.0,23178944
Deribit,eth_usd,364.12,1601299387.377,364.05,96.0,364.1,9141.0,23178944
Deribit,btc_usd,10928.53,1601299387.519,10930.5,20250.0,10931.0,134410.0,91328690
Deribit,btc_usd,10928.53,1601299387.535,10930.5,20250.0,10931.0,103610.0,91328690
Deribit,eth_usd,364.12,1601299387.601,364.05,114.0,364.1,9141.0,23178944
Deribit,eth_usd,364.07,1601299387.624,364.05,114.0,364.1,9141.0,23178944
Deribit,eth_usd,364.07,1601299387.677,364.05,30.0,364.1,9141.0,23178944
Deribit,eth_usd,364.07,1601299387.681,364.05,7310.0,364.1,9141.0,23178944
Deribit,eth_usd,364.07,1601299387.695,364.05,7371.0,364.1,9141.0,23178944
Deribit,eth_usd,364.07,1601299387.959,364.05,7371.0,364.1,9163.0,23178944
Deribit,eth_usd,364.07,1601299388.024,364.05,91.0,364.1,9163.0,23178944
Deribit,eth_usd,364.07,1601299388.075,364.05,2991.0,364.1,9163.0,23178944
Deribit,eth_usd,364.07,1601299388.095,364.05,2991.0,364.1,9275.0,23178944
Deribit,eth_usd,364.07,1601299388.141,364.05,3209.0,364.1,9275.0,23178944
Deribit,btc_usd,10928.53,1601299388.264,10930.5,20250.0,10931.0,113590.0,91328690
Deribit,btc_usd,10928.53,1601299388.374,10930.5,20250.0,10931.0,152580.0,91328690
Deribit,eth_usd,364.06,1601299388.798,364.05,3209.0,364.1,19275.0,23178944
Deribit,eth_usd,364.06,1601299389.309,364.05,3299.0,364.1,19275.0,23178944
Deribit,btc_usd,10928.35,1601299390.351,10930.5,20250.0,10931.0,113590.0,91328690
Deribit,eth_usd,364.07,1601299390.915,364.05,14220.0,364.1,19275.0,23178944
Deribit,eth_usd,364.07,1601299391.193,364.05,3299.0,364.1,19275.0,23178944
Deribit,btc_usd,10928.28,1601299391.213,10930.5,20250.0,10931.0,113640.0,91328690
Deribit,eth_usd,364.07,1601299391.603,364.05,3309.0,364.1,19275.0,23178944
Deribit,eth_usd,364.07,1601299391.614,364.05,3309.0,364.1,19253.0,23178944
Deribit,eth_usd,364.06,1601299391.959,364.05,3309.0,364.1,19273.0,23178944
Deribit,eth_usd,364.11,1601299392.659,364.05,3309.0,364.1,19273.0,23178944
Deribit,eth_usd,364.11,1601299393.505,364.05,10589.0,364.1,19273.0,23178944
Deribit,eth_usd,364.11,1601299393.529,364.05,3309.0,364.1,19273.0,23178944
Deribit,eth_usd,364.11,1601299393.67,364.05,10589.0,364.1,19273.0,23178944
Deribit,btc_usd,10928.01,1601299394.005,10930.5,20250.0,10931.0,113590.0,91328690
Deribit,eth_usd,364.11,1601299394.115,364.05,3309.0,364.1,19273.0,23178944
Deribit,eth_usd,364.11,1601299394.166,364.05,3309.0,364.1,9273.0,23178944
Deribit,eth_usd,364.11,1601299394.187,364.05,10589.0,364.1,9273.0,23178944
Deribit,btc_usd,10928.17,1601299394.767,10930.5,20250.0,10931.0,112500.0,91328540
Deribit,eth_usd,364.11,1601299394.805,364.05,10649.0,364.1,9273.0,23178944
Deribit,btc_usd,10928.17,1601299394.806,10930.5,20250.0,10931.0,111610.0,91328540
Deribit,eth_usd,364.11,1601299394.943,364.05,3369.0,364.1,9273.0,23178944
Deribit,btc_usd,10928.17,1601299394.99,10930.5,20290.0,10931.0,111610.0,91328540
Deribit,eth_usd,364.11,1601299395.021,364.05,10649.0,364.1,9273.0,23178944
Deribit,eth_usd,364.11,1601299395.056,364.05,3369.0,364.1,9273.0,23178944
Deribit,eth_usd,364.11,1601299395.125,364.05,469.0,364.1,9273.0,23178944
Deribit,btc_usd,10928.17,1601299395.267,10930.5,20290.0,10931.0,111590.0,91328560
Deribit,eth_usd,364.11,1601299395.402,364.05,7749.0,364.1,9273.0,23178944
Deribit,btc_usd,10928.21,1601299396.0,10930.5,20290.0,10931.0,112590.0,91328560
Deribit,eth_usd,364.1,1601299396.047,364.05,469.0,364.1,9273.0,23178944
Deribit,eth_usd,364.1,1601299396.542,364.05,409.0,364.1,9273.0,23178944
Deribit,eth_usd,364.09,1601299396.822,364.0,7779.0,364.1,9273.0,23179251
Deribit,eth_usd,364.09,1601299396.825,364.0,7779.0,364.05,7800.0,23179251
Deribit,eth_usd,364.09,1601299396.826,364.0,7779.0,364.05,20000.0,23179251
Deribit,eth_usd,364.09,1601299396.827,364.0,7779.0,364.05,23640.0,23179251
Deribit,eth_usd,364.09,1601299396.828,364.0,7779.0,364.05,26740.0,23179251
Deribit,eth_usd,364.09,1601299396.83,364.0,500.0,364.05,26740.0,23179251
Deribit,eth_usd,364.09,1601299396.831,364.0,500.0,364.05,23640.0,23179251
Deribit,eth_usd,364.09,1601299396.833,364.0,500.0,364.05,29640.0,23179251
Deribit,eth_usd,364.09,1601299396.909,364.0,537.0,364.05,29640.0,23179251
Deribit,eth_usd,364.09,1601299396.975,364.0,2137.0,364.05,29640.0,23179251
Deribit,eth_usd,364.09,1601299397.068,364.0,1737.0,364.05,29640.0,23179251
Deribit,eth_usd,364.09,1601299397.077,364.0,1755.0,364.05,29640.0,23179251
Deribit,eth_usd,364.09,1601299397.167,364.0,1755.0,364.05,23640.0,23179251
Deribit,eth_usd,364.09,1601299397.177,364.0,1671.0,364.05,23640.0,23179251
Deribit,eth_usd,364.09,1601299397.194,364.0,1732.0,364.05,23640.0,23179251
Deribit,eth_usd,364.09,1601299397.964,364.0,3732.0,364.05,23640.0,23179251
Deribit,eth_usd,364.09,1601299398.384,364.0,1732.0,364.05,23640.0,23179251
Deribit,eth_usd,364.09,1601299398.386,364.0,132.0,364.05,23640.0,23179251
Deribit,eth_usd,364.06,1601299398.953,364.0,932.0,364.05,23640.0,23179251
Deribit,eth_usd,364.06,1601299399.006,364.0,132.0,364.05,23640.0,23179251
Deribit,eth_usd,364.06,1601299399.193,364.0,7411.0,364.05,23640.0,23179251
Deribit,btc_usd,10933.09,1601299511.431,10937.0,133440.0,10937.5,11810.0,91470860
Deribit,eth_usd,364.4,1601299511.398,364.5,48760.0,364.55,5165.0,23171837
Deribit,eth_usd,364.41,1601299511.62,364.5,50260.0,364.55,5165.0,23171837
Deribit,eth_usd,364.41,1601299512.032,364.5,50260.0,364.55,2165.0,23171837
Deribit,eth_usd,364.41,1601299512.035,364.5,56460.0,364.55,2165.0,23171837
Deribit,eth_usd,364.41,1601299512.036,364.5,50260.0,364.55,2165.0,23171837
Deribit,eth_usd,364.41,1601299512.04,364.5,54634.0,364.55,2165.0,23171837
Deribit,btc_usd,10933.02,1601299512.446,10937.0,99840.0,10937.5,11810.0,91470860
Deribit,btc_usd,10933.02,1601299512.449,10937.0,98250.0,10937.5,11810.0,91470860
Deribit,btc_usd,10933.02,1601299512.449,10937.0,96650.0,10937.5,11810.0,91470860
Deribit,btc_usd,10933.02,1601299512.45,10937.0,95050.0,10937.5,11810.0,91470860
Deribit,btc_usd,10933.02,1601299512.451,10937.0,93450.0,10937.5,11810.0,91470860
Deribit,eth_usd,364.41,1601299512.525,364.5,54634.0,364.6,3663.0,23169738
Deribit,eth_usd,364.41,1601299512.529,364.55,7615.0,364.6,3663.0,23169738
Deribit,eth_usd,364.41,1601299512.53,364.55,7615.0,364.6,17.0,23169738
Deribit,eth_usd,364.41,1601299512.531,364.55,15615.0,364.6,17.0,23169738
Deribit,eth_usd,364.41,1601299512.533,364.55,45615.0,364.6,17.0,23169738
Deribit,eth_usd,364.41,1601299512.536,364.55,46415.0,364.6,17.0,23169738
Deribit,btc_usd,10933.02,1601299512.561,10937.0,95040.0,10937.5,11810.0,91470860
Deribit,btc_usd,10933.02,1601299512.561,10937.0,96640.0,10937.5,11810.0,91470860
Deribit,btc_usd,10933.02,1601299512.562,10937.0,98240.0,10937.5,11810.0,91470860
Deribit,btc_usd,10933.02,1601299512.563,10937.0,99840.0,10937.5,11810.0,91470860
Deribit,eth_usd,364.41,1601299512.645,364.55,46415.0,364.6,19.0,23169738
Deribit,eth_usd,364.41,1601299512.647,364.55,46475.0,364.6,19.0,23169738
Deribit,eth_usd,364.41,1601299512.671,364.55,46475.0,364.6,1119.0,23169738
Deribit,eth_usd,364.41,1601299512.686,364.55,46475.0,364.6,1132.0,23169738
Deribit,btc_usd,10933.02,1601299512.709,10937.0,101840.0,10937.5,11810.0,91470860
Deribit,eth_usd,364.41,1601299512.836,364.55,46475.0,364.6,1116.0,23169738
Deribit,eth_usd,364.41,1601299512.881,364.55,46475.0,364.6,1134.0,23169738
Deribit,btc_usd,10933.02,1601299512.889,10937.0,101850.0,10937.5,11810.0,91470860
Deribit,btc_usd,10933.02,1601299513.062,10937.0,121850.0,10937.5,11810.0,91470860
Deribit,eth_usd,364.41,1601299513.096,364.55,46475.0,364.6,1144.0,23169738
Deribit,eth_usd,364.41,1601299513.099,364.55,38475.0,364.6,1144.0,23169738
Deribit,eth_usd,364.41,1601299513.306,364.55,38475.0,364.6,1201.0,23169738
Deribit,btc_usd,10933.96,1601299513.333,10937.0,121850.0,10937.5,11810.0,91470860
Deribit,eth_usd,364.41,1601299513.348,364.55,38475.0,364.6,101.0,23169738
Deribit,eth_usd,364.41,1601299513.416,364.55,38501.0,364.6,101.0,23169738
Deribit,btc_usd,10933.96,1601299514.159,10937.0,155450.0,10937.5,11810.0,91470860
Deribit,btc_usd,10933.96,1601299514.187,10937.0,157870.0,10937.5,11810.0,91470860
Deribit,btc_usd,10933.96,1601299514.332,10937.0,157870.0,10937.5,10930.0,91470860
Deribit,btc_usd,10934.38,1601299514.486,10937.0,158010.0,10937.5,10930.0,91470860
Deribit,eth_usd,364.46,1601299515.12,364.55,8501.0,364.6,101.0,23169738
Deribit,eth_usd,364.46,1601299515.126,364.55,10956.0,364.6,101.0,23169738
Deribit,eth_usd,364.46,1601299515.247,364.55,10956.0,364.6,3747.0,23169738
Deribit,eth_usd,364.46,1601299515.271,364.55,10956.0,364.6,101.0,23169738
Deribit,eth_usd,364.46,1601299515.321,364.55,10956.0,364.6,44.0,23169738
Deribit,eth_usd,364.46,1601299515.634,364.55,10956.0,364.6,98.0,23169738
Deribit,eth_usd,364.46,1601299515.637,364.55,11556.0,364.6,98.0,23169738
Deribit,eth_usd,364.46,1601299515.639,364.55,11556.0,364.6,1998.0,23169738
Deribit,eth_usd,364.46,1601299515.64,364.55,10956.0,364.6,1998.0,23169738
Deribit,eth_usd,364.46,1601299515.786,364.55,10956.0,364.6,5644.0,23169738
Deribit,eth_usd,364.46,1601299516.475,364.55,10956.0,364.6,3744.0,23169738
Deribit,eth_usd,364.46,1601299516.481,364.55,8501.0,364.6,3744.0,23169738
Deribit,eth_usd,364.46,1601299516.626,364.55,8501.0,364.6,5144.0,23169738
Deribit,eth_usd,364.46,1601299516.739,364.55,8501.0,364.6,3744.0,23169738
Deribit,eth_usd,364.47,1601299517.615,364.55,8701.0,364.6,3744.0,23169738
Deribit,eth_usd,364.47,1601299517.616,364.55,8701.0,364.6,4444.0,23169738
Deribit,eth_usd,364.47,1601299517.642,364.55,8501.0,364.6,4444.0,23169738
Deribit,eth_usd,364.47,1601299517.728,364.55,8501.0,364.6,3744.0,23169738
Deribit,btc_usd,10934.4,1601299517.753,10937.0,163460.0,10937.5,10930.0,91470860
Deribit,eth_usd,364.47,1601299517.867,364.55,8501.0,364.6,3690.0,23169738
Deribit,eth_usd,364.47,1601299518.063,364.55,8501.0,364.6,44.0,23169738
Deribit,btc_usd,10934.4,1601299518.064,10937.0,158010.0,10937.5,10930.0,91470860
Deribit,btc_usd,10934.4,1601299518.115,10937.0,158010.0,10938.0,8380.0,91474720
Deribit,btc_usd,10934.4,1601299518.118,10937.5,2300.0,10938.0,8380.0,91474720
Deribit,btc_usd,10934.4,1601299518.119,10937.5,35900.0,10938.0,8380.0,91474720
Deribit,btc_usd,10934.4,1601299518.12,10937.5,37500.0,10938.0,8380.0,91474720
Deribit,btc_usd,10934.4,1601299518.121,10937.5,39090.0,10938.0,8380.0,91474720
Deribit,btc_usd,10934.4,1601299518.121,10937.5,40690.0,10938.0,8380.0,91474720
Deribit,btc_usd,10934.4,1601299518.122,10937.5,42290.0,10938.0,8380.0,91474720
Deribit,btc_usd,10934.4,1601299518.123,10937.5,62290.0,10938.0,8380.0,91474720
Deribit,btc_usd,10934.4,1601299518.124,10937.5,62290.0,10938.0,6260.0,91475210
Deribit,btc_usd,10934.4,1601299518.126,10937.5,161790.0,10938.0,6260.0,91475210
Deribit,btc_usd,10934.4,1601299518.129,10937.5,162240.0,10938.0,6260.0,91475210
Deribit,eth_usd,364.47,1601299518.131,364.55,12875.0,364.6,44.0,23169738
Deribit,btc_usd,10934.4,1601299518.131,10937.5,182240.0,10938.0,6260.0,91475210
Deribit,btc_usd,10934.4,1601299518.132,10937.5,183840.0,10938.0,6260.0,91475210
Deribit,btc_usd,10934.4,1601299518.133,10937.5,185640.0,10938.0,6260.0,91475210
Deribit,btc_usd,10934.4,1601299518.133,10937.5,305730.0,10938.0,6260.0,91475210
Deribit,btc_usd,10934.4,1601299518.135,10937.5,318730.0,10938.0,6260.0,91475210
Deribit,btc_usd,10934.4,1601299518.135,10937.5,318730.0,10938.0,4050.0,91476780
Deribit,btc_usd,10934.4,1601299518.138,10937.5,320320.0,10938.0,4050.0,91476780
Deribit,btc_usd,10934.4,1601299518.139,10937.5,320320.0,10938.0,1940.0,91478890
Deribit,btc_usd,10934.4,1601299518.14,10937.5,321920.0,10938.0,1940.0,91478890
Deribit,btc_usd,10934.4,1601299518.14,10937.5,323520.0,10938.0,1940.0,91478890
Deribit,btc_usd,10934.4,1601299518.143,10937.5,325120.0,10938.0,1940.0,91478890
Deribit,btc_usd,10934.4,1601299518.143,10937.5,330120.0,10938.0,1940.0,91478890
Deribit,btc_usd,10934.4,1601299518.146,10937.5,331710.0,10938.0,1940.0,91478890
Deribit,btc_usd,10934.4,1601299518.146,10937.5,333310.0,10938.0,1940.0,91478890
Deribit,btc_usd,10934.4,1601299518.147,10937.5,334910.0,10938.0,1940.0,91478890
Deribit,btc_usd,10934.4,1601299518.148,10937.5,336510.0,10938.0,1940.0,91478890
Deribit,btc_usd,10934.4,1601299518.15,10937.5,323510.0,10938.0,1940.0,91478890
Deribit,btc_usd,10934.4,1601299518.15,10937.5,325100.0,10938.0,1940.0,91478890
Deribit,btc_usd,10934.4,1601299518.151,10937.5,323500.0,10938.0,1940.0,91478890
Deribit,btc_usd,10934.4,1601299518.151,10937.5,321900.0,10938.0,1940.0,91478890
Deribit,btc_usd,10934.4,1601299518.152,10937.5,324320.0,10938.0,1940.0,91478890
Deribit,btc_usd,10934.4,1601299518.153,10937.5,322720.0,10938.0,1940.0,91478890
Deribit,btc_usd,10934.4,1601299518.153,10937.5,396720.0,10938.0,1940.0,91478890
Deribit,eth_usd,364.47,1601299518.153,364.55,12875.0,364.65,18576.0,23169763
Deribit,btc_usd,10934.4,1601299518.154,10937.5,395130.0,10938.0,1940.0,91478890
Deribit,btc_usd,10930.93,1601299602.88,10932.0,132670.0,10932.5,30.0,91472140
Deribit,eth_usd,364.29,1601299602.84,364.45,3129.0,364.5,16086.0,23200738
Deribit,eth_usd,364.29,1601299602.968,364.45,3129.0,364.5,8886.0,23200738
Deribit,eth_usd,364.29,1601299603.195,364.45,3129.0,364.5,8826.0,23200738
Deribit,btc_usd,10931.07,1601299603.247,10932.0,287500.0,10932.5,30.0,91472140
Deribit,btc_usd,10931.07,1601299603.259,10932.0,287500.0,10934.0,40.0,91472030
Deribit,btc_usd,10931.07,1601299603.262,10932.5,98800.0,10934.0,40.0,91472030
Deribit,btc_usd,10931.07,1601299603.264,10933.5,1600.0,10934.0,40.0,91472030
Deribit,btc_usd,10931.07,1601299603.264,10933.5,3200.0,10934.0,40.0,91472030
Deribit,btc_usd,10931.07,1601299603.265,10933.5,4790.0,10934.0,40.0,91472030
Deribit,btc_usd,10931.07,1601299603.266,10933.5,6390.0,10934.0,40.0,91472030
Deribit,btc_usd,10931.07,1601299603.269,10933.5,8690.0,10934.0,40.0,91472030
Deribit,eth_usd,364.29,1601299603.279,364.45,3129.0,364.5,8026.0,23200738
Deribit,btc_usd,10931.07,1601299603.282,10933.5,79490.0,10934.0,40.0,91472030
Deribit,btc_usd,10931.07,1601299603.283,10933.5,81090.0,10934.0,40.0,91472030
Deribit,btc_usd,10931.07,1601299603.284,10933.5,82690.0,10934.0,40.0,91472030
Deribit,btc_usd,10931.07,1601299603.285,10933.5,102690.0,10934.0,40.0,91472030
Deribit,eth_usd,364.29,1601299603.287,364.45,3129.0,364.5,2026.0,23200738
Deribit,btc_usd,10931.07,1601299603.287,10933.5,104280.0,10934.0,40.0,91472030
Deribit,btc_usd,10931.07,1601299603.287,10933.5,105880.0,10934.0,40.0,91472030
Deribit,btc_usd,10931.07,1601299603.293,10933.5,107520.0,10934.0,40.0,91472030
Deribit,btc_usd,10931.07,1601299603.294,10933.5,109120.0,10934.0,40.0,91472030
Deribit,btc_usd,10931.07,1601299603.295,10933.5,110720.0,10934.0,40.0,91472030
Deribit,btc_usd,10931.07,1601299603.297,10933.5,111690.0,10934.0,40.0,91472030
Deribit,btc_usd,10931.07,1601299603.297,10933.5,113280.0,10934.0,40.0,91472030
Deribit,btc_usd,10931.07,1601299603.298,10933.5,114880.0,10934.0,40.0,91472030
Deribit,btc_usd,10931.07,1601299603.298,10933.5,148480.0,10934.0,40.0,91472030
Deribit,eth_usd,364.29,1601299603.3,364.45,33129.0,364.5,2026.0,23200738
Deribit,btc_usd,10931.07,1601299603.301,10933.5,146880.0,10934.0,40.0,91472030
Deribit,btc_usd,10931.07,1601299603.302,10933.5,145280.0,10934.0,40.0,91472030
Deribit,btc_usd,10931.07,1601299603.302,10933.5,143690.0,10934.0,40.0,91472030
Deribit,btc_usd,10931.07,1601299603.303,10933.5,142090.0,10934.0,40.0,91472030
Deribit,btc_usd,10931.07,1601299603.306,10933.5,140490.0,10934.0,40.0,91472030
Deribit,btc_usd,10931.07,1601299603.306,10933.5,138890.0,10934.0,40.0,91472030
Deribit,btc_usd,10931.07,1601299603.307,10933.5,137290.0,10934.0,40.0,91472030
Deribit,btc_usd,10931.07,1601299603.308,10933.5,135700.0,10934.0,40.0,91472030
Deribit,btc_usd,10931.07,1601299603.315,10933.5,155700.0,10934.0,40.0,91472030
Deribit,eth_usd,364.29,1601299603.339,364.45,33189.0,364.5,2026.0,23200738
Deribit,btc_usd,10931.07,1601299603.351,10933.5,191370.0,10934.0,40.0,91472030
Deribit,btc_usd,10931.07,1601299603.418,10933.5,191370.0,10934.5,40.0,91472030
Deribit,btc_usd,10931.07,1601299603.419,10933.5,190400.0,10934.5,40.0,91472030
Deribit,btc_usd,10931.07,1601299603.42,10933.5,188760.0,10934.5,40.0,91472030
Deribit,btc_usd,10931.07,1601299603.42,10934.0,33600.0,10934.5,40.0,91472030
Deribit,btc_usd,10931.07,1601299603.422,10934.0,73300.0,10934.5,40.0,91472030
Deribit,btc_usd,10931.07,1601299603.424,10934.0,93300.0,10934.5,40.0,91472030
Deribit,eth_usd,364.29,1601299603.433,364.45,33189.0,364.5,2012.0,23200738
Deribit,btc_usd,10931.07,1601299603.562,10934.0,93300.0,10935.0,50.0,91472030
Deribit,eth_usd,364.29,1601299603.69,364.45,34689.0,364.5,2012.0,23200738
Deribit,btc_usd,10931.07,1601299603.728,10934.5,33600.0,10935.0,50.0,91472030
Deribit,btc_usd,10931.07,1601299603.731,10934.5,50800.0,10935.0,50.0,91472030
Deribit,btc_usd,10931.07,1601299603.733,10934.5,70800.0,10935.0,50.0,91472030
Deribit,eth_usd,364.29,1601299603.735,364.45,34689.0,364.5,12947.0,23200738
Deribit,eth_usd,364.29,1601299603.744,364.45,34689.0,364.5,27527.0,23200738
Deribit,eth_usd,364.29,1601299603.748,364.45,4689.0,364.5,27527.0,23200738
Deribit,eth_usd,364.29,1601299603.778,364.45,3189.0,364.5,27527.0,23200738
Deribit,eth_usd,364.29,1601299603.779,364.45,3189.0,364.5,27540.0,23200738
Deribit,btc_usd,10931.07,1601299603.794,10934.5,70800.0,10935.0,10.0,91472030
Deribit,eth_usd,364.29,1601299603.83,364.45,3129.0,364.5,27540.0,23200738
Deribit,eth_usd,364.29,1601299603.927,364.45,3129.0,364.5,16605.0,23200738
Deribit,btc_usd,10931.07,1601299603.958,10934.5,53600.0,10935.0,10.0,91472030
Deribit,eth_usd,364.36,1601299604.134,364.45,3129.0,364.5,16605.0,23200738
Deribit,btc_usd,10931.11,1601299604.144,10934.5,53600.0,10935.0,12110.0,91472030
Deribit,eth_usd,364.36,1601299604.193,364.45,3129.0,364.5,15405.0,23200738
Deribit,btc_usd,10931.11,1601299604.356,10934.5,53650.0,10935.0,12110.0,91472030
Deribit,eth_usd,364.36,1601299604.634,364.45,4329.0,364.5,15405.0,23200738
Deribit,eth_usd,364.36,1601299605.014,364.45,3129.0,364.5,15405.0,23200738
Deribit,btc_usd,10931.12,1601299605.129,10934.5,53650.0,10935.0,27310.0,91472030
Deribit,btc_usd,10931.12,1601299605.161,10934.5,53650.0,10935.0,62700.0,91472030
Deribit,eth_usd,364.36,1601299605.246,364.45,3129.0,364.5,15392.0,23200738
Deribit,eth_usd,364.36,1601299605.622,364.45,3129.0,364.5,15404.0,23200738
Deribit,eth_usd,364.36,1601299605.623,364.45,5529.0,364.5,15404.0,23200738
Deribit,eth_usd,364.36,1601299606.162,364.45,3129.0,364.5,15404.0,23200738
Deribit,eth_usd,364.36,1601299606.612,364.45,4929.0,364.5,15404.0,23200738
Deribit,eth_usd,364.36,1601299607.074,364.45,4929.0,364.5,15392.0,23200738
Deribit,eth_usd,364.4,1601299607.7,364.45,4929.0,364.5,15403.0,23200738
Deribit,eth_usd,364.39,1601299608.831,364.45,3129.0,364.5,15403.0,23200738
Deribit,eth_usd,364.38,1601299609.19,364.45,24995.0,364.5,15403.0,23200738
Deribit,eth_usd,364.38,1601299609.288,364.45,25055.0,364.5,15403.0,23200738
Deribit,eth_usd,364.38,1601299609.475,364.45,25055.0,364.5,823.0,23200738
Deribit,eth_usd,364.38,1601299609.57,364.45,55055.0,364.5,823.0,23200738
Deribit,eth_usd,364.38,1601299609.639,364.45,55055.0,364.55,14666.0,23201550
Deribit,btc_usd,10931.03,1601299609.642,10934.5,53650.0,10935.0,47500.0,91472030
Deribit,eth_usd,364.38,1601299609.642,364.5,11600.0,364.55,14666.0,23201550
Deribit,eth_usd,364.38,1601299609.642,364.5,15245.0,364.55,14666.0,23201550
Deribit,eth_usd,364.38,1601299609.644,364.5,17345.0,364.55,14666.0,23201550
Deribit,btc_usd,10931.03,1601299609.644,10934.5,53650.0,10935.0,35400.0,91472030
Deribit,btc_usd,10931.03,1601299609.644,10934.5,53650.0,10935.0,10.0,91472030
Deribit,eth_usd,364.38,1601299609.645,364.5,17345.0,364.55,84.0,23201550
Deribit,eth_usd,364.38,1601299609.646,364.5,15245.0,364.55,84.0,23201550
Deribit,eth_usd,364.38,1601299609.648,364.5,21245.0,364.55,84.0,23201550
Deribit,eth_usd,364.38,1601299609.811,364.5,21245.0,364.6,16403.0,23201550
Deribit,eth_usd,364.38,1601299609.813,364.55,3057.0,364.6,16403.0,23201550
Deribit,eth_usd,364.38,1601299609.814,364.55,9857.0,364.6,16403.0,23201550
Deribit,eth_usd,364.38,1601299609.834,364.55,31729.0,364.6,16403.0,23201550
Deribit,eth_usd,364.38,1601299609.97,364.55,31729.0,364.6,16421.0,23201550
Deribit,eth_usd,364.38,1601299609.988,364.55,31729.0,364.6,16423.0,23201550
Deribit,btc_usd,10931.07,1601299610.073,10934.5,53650.0,10935.0,3910.0,91472030
Deribit,eth_usd,364.42,1601299610.224,364.55,31729.0,364.6,15223.0,23201550
Deribit,eth_usd,364.42,1601299610.247,364.55,31729.0,364.6,52.0,23201550
Deribit,eth_usd,364.42,1601299610.413,364.55,31729.0,364.6,14636.0,23201550
Deribit,eth_usd,364.42,1601299610.427,364.55,31729.0,364.6,14638.0,23201550
Deribit,btc_usd,10931.07,1601299610.836,10934.5,53650.0,10935.0,10.0,91472030
Deribit,btc_usd,10931.15,1601299611.062,10934.5,54050.0,10935.0,10.0,91472030
Deribit,btc_usd,10931.15,1601299611.064,10934.5,53650.0,10935.0,10.0,91472030
Deribit,eth_usd,364.43,1601299611.373,364.55,31729.0,364.6,54.0,23201550
Deribit,eth_usd,364.43,1601299611.386,364.55,31789.0,364.6,54.0,23201550
Deribit,eth_usd,364.43,1601299611.556,364.55,31789.0,364.6,3054.0,23201550
Deribit,eth_usd,364.43,1601299611.803,364.55,31789.0,364.6,17638.0,23201550
Deribit,eth_usd,364.43,1601299611.911,364.55,9917.0,364.6,17638.0,23201550
Deribit,eth_usd,364.43,1601299612.05,364.55,9917.0,364.6,3054.0,23201550
Deribit,btc_usd,10931.32,1601299612.051,10934.5,53650.0,10935.0,6110.0,91472030
Deribit,btc_usd,10931.32,1601299612.462,10934.5,53650.0,10935.0,10.0,91472030
Deribit,btc_usd,10931.6,1601299613.04,10934.5,54250.0,10935.0,10.0,91472030
Deribit,btc_usd,10931.6,1601299613.041,10934.5,54250.0,10935.0,6810.0,91472030
Deribit,btc_usd,10931.6,1601299613.043,10934.5,53650.0,10935.0,6810.0,91472030
Deribit,eth_usd,364.43,1601299613.534,364.55,9917.0,364.6,3754.0,23201550
Deribit,btc_usd,10931.6,1601299613.686,10934.5,53650.0,10935.0,10.0,91472030
Deribit,btc_usd,10931.6,1601299614.028,10934.5,54750.0,10935.0,10.0,91472030
Deribit,btc_usd,10931.6,1601299614.029,10934.5,54750.0,10935.0,8110.0,91472030
Deribit,btc_usd,10931.6,1601299614.031,10934.5,53650.0,10935.0,8110.0,91472030
Deribit,eth_usd,364.43,1601299614.16,364.55,3117.0,364.6,3754.0,23201550
Deribit,eth_usd,364.43,1601299614.207,364.55,3117.0,364.6,3054.0,23201550
Deribit,eth_usd,364.43,1601299614.523,364.55,8317.0,364.6,3054.0,23201550
Deribit,eth_usd,364.43,1601299614.524,364.55,8317.0,364.6,3954.0,23201550
Deribit,eth_usd,364.43,1601299614.606,364.55,8317.0,364.6,3054.0,23201550
Deribit,btc_usd,10931.68,1601299615.017,10934.5,53650.0,10935.0,19510.0,91472030
Deribit,eth_usd,364.43,1601299615.071,364.55,8317.0,364.6,3064.0,23201550
Deribit,eth_usd,364.43,1601299615.512,364.55,8317.0,364.6,4064.0,23201550
Deribit,eth_usd,364.43,1601299615.621,364.55,8317.0,364.6,18648.0,23201550
Deribit,eth_usd,364.43,1601299615.678,364.55,3117.0,364.6,18648.0,23201550
Deribit,eth_usd,364.43,1601299615.932,364.55,3057.0,364.6,18648.0,23201550
Deribit,btc_usd,10931.61,1601299616.006,10934.5,53650.0,10935.0,22810.0,91472030
Deribit,btc_usd,10931.63,1601299616.365,10934.5,53650.0,10935.0,19510.0,91472030
Deribit,eth_usd,364.43,1601299616.384,364.55,3057.0,364.6,18248.0,23201917
Deribit,eth_usd,364.43,1601299616.387,364.55,5057.0,364.6,18248.0,23201917
Deribit,btc_usd,10931.63,1601299616.387,10934.5,53650.0,10935.0,8110.0,91472030
Deribit,eth_usd,364.43,1601299616.67,364.55,5057.0,364.6,18349.0,23201917
Deribit,eth_usd,364.43,1601299616.78,364.55,5059.0,364.6,18349.0,23201917
Deribit,btc_usd,10931.63,1601299616.995,10934.5,59250.0,10935.0,8110.0,91472030
Deribit,btc_usd,10931.63,1601299616.996,10934.5,59250.0,10935.0,13410.0,91472030
Deribit,eth_usd,364.43,1601299617.063,364.55,5059.0,364.6,18359.0,23201917
Deribit,eth_usd,364.43,1601299617.12,364.55,5059.0,364.6,19159.0,23201917
Deribit,btc_usd,10931.66,1601299617.236,10934.5,59250.0,10935.0,8110.0,91472030
Deribit,eth_usd,364.43,1601299617.296,364.55,5059.0,364.6,18159.0,23201917
Deribit,eth_usd,364.43,1601299617.298,364.55,5059.0,364.6,15505.0,23201917
Deribit,eth_usd,364.43,1601299617.406,364.55,5059.0,364.6,921.0,23201917
Deribit,eth_usd,364.43,1601299617.421,364.55,5119.0,364.6,921.0,23201917
Deribit,btc_usd,10931.66,1601299617.452,10934.5,59250.0,10935.0,10.0,91472030
Deribit,eth_usd,364.43,1601299617.489,364.55,14319.0,364.6,921.0,23201917
Deribit,btc_usd,10931.66,1601299617.491,10934.5,59250.0,10936.5,40.0,91471940
Deribit,btc_usd,10931.66,1601299617.503,10936.0,2730.0,10936.5,40.0,91471940
Deribit,btc_usd,10931.66,1601299617.515,10936.0,22730.0,10936.5,40.0,91471940
Deribit,btc_usd,10931.66,1601299617.518,10936.0,108530.0,10936.5,40.0,91471940
Deribit,btc_usd,10931.66,1601299617.526,10936.0,110130.0,10936.5,40.0,91471940
Deribit,btc_usd,10931.66,1601299617.527,10936.0,111730.0,10936.5,40.0,91471940
Deribit,btc_usd,10931.66,1601299617.527,10936.0,113320.0,10936.5,40.0,91471940
Deribit,btc_usd,10931.66,1601299617.528,10936.0,114920.0,10936.5,40.0,91471940
Deribit,btc_usd,10931.66,1601299617.562,10936.0,113320.0,10936.5,40.0,91471940
Deribit,btc_usd,10931.66,1601299617.563,10936.0,111730.0,10936.5,40.0,91471940
Deribit,btc_usd,10931.66,1601299617.564,10936.0,110130.0,10936.5,40.0,91471940
Deribit,btc_usd,10931.66,1601299617.565,10936.0,108530.0,10936.5,40.0,91471940
Deribit,btc_usd,10931.66,1601299617.654,10936.0,108530.0,10937.0,40.0,91471900
Deribit,eth_usd,364.43,1601299617.654,364.55,14319.0,364.65,79771.0,23201016
Deribit,eth_usd,364.43,1601299617.657,364.6,21875.0,364.65,79771.0,23201016
Deribit,btc_usd,10931.66,1601299617.656,10936.0,108530.0,10937.5,600.0,91471860
Deribit,eth_usd,364.43,1601299617.658,364.6,25521.0,364.65,79771.0,23201016
Deribit,eth_usd,364.43,1601299617.66,364.6,25521.0,364.65,64598.0,23201016
Deribit,eth_usd,364.43,1601299617.662,364.6,25521.0,364.65,65398.0,23201016
Deribit,eth_usd,364.43,1601299617.667,364.6,25521.0,364.65,64998.0,23200932
Deribit,btc_usd,10931.66,1601299617.668,10936.0,113980.0,10937.5,600.0,91471860
Deribit,eth_usd,364.43,1601299617.669,364.6,25521.0,364.65,63098.0,23200932
Deribit,eth_usd,364.43,1601299617.671,364.6,25521.0,364.65,52573.0,23200932
Deribit,btc_usd,10931.66,1601299617.671,10936.0,133980.0,10937.5,600.0,91471860
Deribit,eth_usd,364.43,1601299617.673,364.6,25521.0,364.65,49173.0,23200932
Deribit,eth_usd,364.43,1601299617.674,364.6,25521.0,364.65,47673.0,23201432
Deribit,btc_usd,10931.66,1601299617.675,10936.5,2000.0,10937.5,600.0,91471860
Deribit,eth_usd,364.43,1601299617.678,364.6,25521.0,364.65,40934.0,23201432
Deribit,btc_usd,10931.66,1601299617.679,10936.5,22000.0,10937.5,600.0,91471860
Deribit,eth_usd,364.43,1601299617.682,364.6,25521.0,364.65,32203.0,23201432
Deribit,eth_usd,364.43,1601299617.688,364.6,25521.0,364.65,20934.0,23201432
Deribit,eth_usd,364.43,1601299617.689,364.6,25521.0,364.65,11434.0,23210932
Deribit,eth_usd,364.43,1601299617.69,364.6,25521.0,364.65,6944.0,23210932
Deribit,eth_usd,364.43,1601299617.692,364.6,31521.0,364.65,6944.0,23210932
Deribit,eth_usd,364.43,1601299617.693,364.6,31521.0,364.65,1744.0,23216132
Deribit,eth_usd,364.43,1601299617.694,364.6,31521.0,364.65,944.0,23216932
Deribit,eth_usd,364.43,1601299617.695,364.65,456.0,364.7,23346.0,23217076
Deribit,eth_usd,364.43,1601299617.697,364.65,5200.0,364.7,23346.0,23217076
Deribit,btc_usd,10931.66,1601299617.699,10936.5,22000.0,10937.5,550.0,91471860
Deribit,eth_usd,364.43,1601299617.699,364.65,8258.0,364.7,23346.0,23217076
Deribit,eth_usd,364.43,1601299617.702,364.65,8358.0,364.7,23346.0,23217076
Deribit,btc_usd,10931.66,1601299617.702,10936.5,22000.0,10938.0,4480.0,91471810
Deribit,eth_usd,364.43,1601299617.703,364.65,14358.0,364.7,23346.0,23217076
Deribit,eth_usd,364.43,1601299617.706,364.65,14358.0,364.7,24146.0,23217076
Deribit,eth_usd,364.43,1601299617.706,364.65,14458.0,364.7,24146.0,23217076
Deribit,eth_usd,364.43,1601299617.709,364.65,23158.0,364.7,24146.0,23217076
Deribit,btc_usd,10931.66,1601299617.709,10936.5,42000.0,10938.0,4480.0,91471810
Deribit,eth_usd,364.43,1601299617.712,364.65,14458.0,364.7,24146.0,23217076
Deribit,btc_usd,10931.66,1601299617.743,10937.5,1600.0,10938.0,4480.0,91471810
Deribit,btc_usd,10931.66,1601299617.744,10937.5,3200.0,10938.0,4480.0,91471810
Deribit,btc_usd,10931.66,1601299617.745,10937.5,4790.0,10938.0,4480.0,91471810
Deribit,btc_usd,10931.66,1601299617.746,10937.5,6390.0,10938.0,4480.0,91471810
Deribit,btc_usd,10931.66,1601299617.747,10937.5,26390.0,10938.0,4480.0,91471810
Deribit,btc_usd,10931.66,1601299617.747,10937.5,24790.0,10938.0,4480.0,91471810
Deribit,btc_usd,10931.66,1601299617.748,10937.5,23190.0,10938.0,4480.0,91471810
Deribit,btc_usd,10931.66,1601299617.749,10937.5,21600.0,10938.0,4480.0,91471810
Deribit,btc_usd,10931.66,1601299617.752,10937.5,20000.0,10938.0,4480.0,91471810
Deribit,eth_usd,364.43,1601299617.754,364.65,14458.0,364.7,23146.0,23217076
Deribit,btc_usd,10931.66,1601299617.753,10937.5,148300.0,10938.0,4480.0,91471810
Deribit,eth_usd,364.43,1601299617.757,364.65,14458.0,364.7,4910.0,23217076
Deribit,btc_usd,10931.66,1601299617.76,10937.5,148300.0,10938.0,4430.0,91471810
Deribit,btc_usd,10931.66,1601299617.76,10937.5,148280.0,10938.0,4430.0,91471810
Deribit,btc_usd,10931.66,1601299617.765,10937.5,149880.0,10938.0,4430.0,91471810
Deribit,btc_usd,10931.66,1601299617.765,10937.5,151470.0,10938.0,4430.0,91471810
Deribit,btc_usd,10931.66,1601299617.766,10937.5,153070.0,10938.0,4430.0,91471810
Deribit,btc_usd,10931.66,1601299617.766,10937.5,154670.0,10938.0,4430.0,91471810
Deribit,eth_usd,364.43,1601299617.767,364.65,14458.0,364.7,2410.0,23217076
Deribit,eth_usd,364.43,1601299617.773,364.65,14458.0,364.7,2369.0,23217076
Deribit,eth_usd,364.43,1601299617.776,364.65,14458.0,364.7,1794.0,23216706
Deribit,eth_usd,364.43,1601299617.779,364.65,14458.0,364.75,5018.0,23216723
Deribit,eth_usd,364.43,1601299617.782,364.7,643.0,364.75,5018.0,23216723
Deribit,eth_usd,364.43,1601299617.783,364.7,22524.0,364.75,5018.0,23216723
Deribit,eth_usd,364.43,1601299617.785,364.7,26171.0,364.75,5018.0,23216723
Deribit,eth_usd,364.43,1601299617.786,364.7,32171.0,364.75,5018.0,23216723
Deribit,eth_usd,364.43,1601299617.789,364.7,32171.0,364.75,4018.0,23216723
Deribit,eth_usd,364.43,1601299617.791,364.7,41571.0,364.75,4018.0,23216723
Deribit,eth_usd,364.43,1601299617.792,364.7,41571.0,364.75,4818.0,23216723
Deribit,eth_usd,364.43,1601299617.793,364.7,43471.0,364.75,4818.0,23216723
Deribit,eth_usd,364.43,1601299617.793,364.7,43471.0,364.75,4858.0,23216723
Deribit,eth_usd,364.43,1601299617.806,364.7,34071.0,364.75,4858.0,23216723
Deribit,eth_usd,364.43,1601299617.807,364.7,32171.0,364.75,4858.0,23216723
Deribit,btc_usd,10931.66,1601299617.818,10937.5,191790.0,10938.0,4430.0,91471810
Deribit,btc_usd,10931.66,1601299617.836,10937.5,211790.0,10938.0,4430.0,91471810
Deribit,btc_usd,10931.66,1601299617.853,10937.5,210190.0,10938.0,4430.0,91471810
Deribit,eth_usd,364.43,1601299617.853,364.7,10290.0,364.75,4858.0,23216723
Deribit,btc_usd,10931.66,1601299617.854,10937.5,208590.0,10938.0,4430.0,91471810
Deribit,btc_usd,10931.66,1601299617.855,10937.5,210190.0,10938.0,4430.0,91471810
Deribit,btc_usd,10931.66,1601299617.855,10937.5,208600.0,10938.0,4430.0,91471810
Deribit,eth_usd,364.43,1601299617.856,364.7,10290.0,364.75,4818.0,23216723
Deribit,btc_usd,10931.66,1601299617.856,10937.5,210200.0,10938.0,4430.0,91471810
Deribit,eth_usd,364.43,1601299617.857,364.7,10290.0,364.75,15760.0,23216723
Deribit,btc_usd,10931.66,1601299617.857,10937.5,208600.0,10938.0,4430.0,91471810
Deribit,btc_usd,10931.66,1601299617.858,10937.5,210190.0,10938.0,4430.0,91471810
Deribit,btc_usd,10931.66,1601299617.859,10937.5,211790.0,10938.0,4430.0,91471810
Deribit,eth_usd,364.43,1601299617.873,364.7,10290.0,364.75,15762.0,23216723
Deribit,btc_usd,10931.66,1601299617.916,10937.5,329500.0,10938.0,4430.0,91471810
Deribit,eth_usd,364.43,1601299617.925,364.7,10290.0,364.75,14562.0,23216723
Deribit,eth_usd,364.43,1601299617.958,364.7,10290.0,364.75,13762.0,23216723
Deribit,eth_usd,364.43,1601299617.959,364.7,10290.0,364.75,2820.0,23216723
Deribit,btc_usd,10931.66,1601299617.968,10937.5,329510.0,10938.0,4430.0,91471810
Deribit,btc_usd,10931.66,1601299618.018,10937.5,329510.0,10938.0,4390.0,91471810
Deribit,eth_usd,364.43,1601299618.053,364.7,10290.0,364.75,40.0,23216723
Deribit,btc_usd,10932.76,1601299618.061,10937.5,329510.0,10938.0,4390.0,91471810
Deribit,eth_usd,364.43,1601299618.075,364.7,10290.0,364.75,3.0,23216723
Deribit,eth_usd,364.43,1601299618.08,364.7,10290.0,364.75,21.0,23216723
Deribit,eth_usd,364.43,1601299618.164,364.7,10290.0,364.75,35.0,23216723
Deribit,eth_usd,364.51,1601299618.232,364.7,10290.0,364.75,35.0,23216723
Deribit,btc_usd,10932.76,1601299618.241,10937.5,331510.0,10938.0,4390.0,91471810
Deribit,btc_usd,10932.76,1601299618.253,10937.5,203210.0,10938.0,4390.0,91471810
Deribit,btc_usd,10932.76,1601299618.287,10937.5,203210.0,10938.0,4410.0,91471810
Deribit,btc_usd,10932.76,1601299618.372,10937.5,203380.0,10938.0,4410.0,91471810
Deribit,eth_usd,364.51,1601299618.456,364.7,9647.0,364.75,35.0,23216723
Deribit,btc_usd,10932.76,1601299618.469,10937.5,236980.0,10938.0,4410.0,91471810
Deribit,eth_usd,364.51,1601299618.476,364.7,9647.0,364.75,45.0,23216723
Deribit,eth_usd,364.51,1601299618.478,364.7,9647.0,364.75,4745.0,23216723
Deribit,eth_usd,364.51,1601299618.499,364.7,9647.0,364.75,4757.0,23216723
Deribit,eth_usd,364.51,1601299618.5,364.7,3647.0,364.75,4757.0,23216723
Deribit,btc_usd,10932.76,1601299618.595,10937.5,236980.0,10938.0,38510.0,91471810
Deribit,btc_usd,10932.76,1601299618.603,10937.5,216980.0,10938.0,38510.0,91471810
Deribit,eth_usd,364.51,1601299618.654,364.7,3718.0,364.75,4757.0,23216723
Deribit,btc_usd,10932.76,1601299618.766,10937.5,216970.0,10938.0,38510.0,91471810
Deribit,eth_usd,364.51,1601299618.856,364.7,3718.0,364.75,4745.0,23216723
Deribit,btc_usd,10932.76,1601299618.885,10937.5,99260.0,10938.0,38510.0,91471810
Deribit,btc_usd,10932.91,1601299619.203,10937.5,97260.0,10938.0,38510.0,91471810
Deribit,eth_usd,364.51,1601299619.219,364.7,3718.0,364.75,4756.0,23216723
Deribit,eth_usd,364.53,1601299619.442,364.7,3718.0,364.75,19933.0,23216723
Deribit,eth_usd,364.53,1601299619.467,364.7,5618.0,364.75,19933.0,23216723
Deribit,eth_usd,364.53,1601299619.518,364.7,5618.0,364.75,4756.0,23216723
Deribit,eth_usd,364.53,1601299619.526,364.7,5618.0,364.75,19346.0,23216723
Deribit,eth_usd,364.53,1601299619.6,364.7,5618.0,364.75,4756.0,23216723
Deribit,eth_usd,364.53,1601299619.637,364.7,5618.0,364.75,4745.0,23216723
Deribit,eth_usd,364.53,1601299619.904,364.7,5618.0,364.75,4755.0,23216723
Deribit,eth_usd,364.53,1601299620.201,364.7,5618.0,364.75,4655.0,23216749
Deribit,eth_usd,364.53,1601299620.205,364.7,6218.0,364.75,4655.0,23216749
Deribit,btc_usd,10932.81,1601299620.241,10937.5,97260.0,10938.0,4410.0,91471810
Deribit,btc_usd,10932.81,1601299620.244,10937.5,98860.0,10938.0,4410.0,91471810
Deribit,btc_usd,10932.81,1601299620.244,10937.5,100450.0,10938.0,4410.0,91471810
Deribit,btc_usd,10932.81,1601299620.245,10937.5,102050.0,10938.0,4410.0,91471810
Deribit,btc_usd,10932.81,1601299620.245,10937.5,103650.0,10938.0,4410.0,91471810
Deribit,btc_usd,10932.81,1601299620.254,10937.5,102050.0,10938.0,4410.0,91471810
Deribit,btc_usd,10932.81,1601299620.254,10937.5,100460.0,10938.0,4410.0,91471810
Deribit,btc_usd,10932.81,1601299620.255,10937.5,98860.0,10938.0,4410.0,91471810
Deribit,btc_usd,10932.81,1601299620.257,10937.5,97260.0,10938.0,4410.0,91471810
Deribit,eth_usd,364.55,1601299620.262,364.7,6218.0,364.75,4645.0,23216749
Deribit,eth_usd,364.55,1601299620.306,364.7,6278.0,364.75,4645.0,23216749
Deribit,eth_usd,364.55,1601299620.319,364.7,5678.0,364.75,4645.0,23216749
Deribit,eth_usd,364.55,1601299620.379,364.7,3778.0,364.75,4645.0,23216749
Deribit,eth_usd,364.55,1601299620.456,364.7,5178.0,364.75,4645.0,23216749
Deribit,eth_usd,364.55,1601299620.457,364.7,5178.0,364.75,6445.0,23216749
Deribit,eth_usd,364.55,1601299620.527,364.7,5178.0,364.75,6463.0,23216749
Deribit,eth_usd,364.55,1601299620.531,364.7,5178.0,364.75,21053.0,23216749
Deribit,eth_usd,364.55,1601299620.561,364.7,5178.0,364.75,6463.0,23216749
Deribit,eth_usd,364.55,1601299620.623,364.7,5178.0,364.75,21053.0,23216749
Deribit,eth_usd,364.55,1601299620.624,364.7,3778.0,364.75,21053.0,23216749
Deribit,eth_usd,364.55,1601299620.655,364.7,3718.0,364.75,21053.0,23216749
Deribit,eth_usd,364.55,1601299620.656,364.7,3718.0,364.75,21063.0,23216749
Deribit,eth_usd,364.55,1601299620.674,364.7,3718.0,364.75,20963.0,23216749
Deribit,eth_usd,364.55,1601299620.676,364.7,3818.0,364.75,20963.0,23216749
Deribit,btc_usd,10932.81,1601299620.679,10937.5,97260.0,10938.0,37670.0,91471810
Deribit,eth_usd,364.55,1601299620.681,364.7,3718.0,364.75,20963.0,23216749
Deribit,eth_usd,364.55,1601299620.843,364.7,3718.0,364.75,20863.0,23216749
Deribit,eth_usd,364.55,1601299620.845,364.7,4018.0,364.75,20863.0,23216749
Deribit,eth_usd,364.55,1601299621.036,364.7,3718.0,364.75,20863.0,23216749
Deribit,btc_usd,10933.25,1601299621.43,10937.5,95660.0,10938.0,37670.0,91471810
Deribit,btc_usd,10933.25,1601299621.431,10937.5,94060.0,10938.0,37670.0,91471810
Deribit,btc_usd,10933.25,1601299621.433,10937.5,92460.0,10938.0,37670.0,91471810
Deribit,btc_usd,10933.25,1601299621.433,10937.5,90870.0,10938.0,37670.0,91471810
Deribit,eth_usd,364.55,1601299621.445,364.7,4718.0,364.75,20863.0,23216749
Deribit,btc_usd,10933.25,1601299621.501,10937.5,57270.0,10938.0,37670.0,91471810
Deribit,eth_usd,364.55,1601299621.927,364.7,3718.0,364.75,20863.0,23216749
Deribit,btc_usd,10933.25,1601299621.939,10937.5,68570.0,10938.0,37670.0,91471810
Deribit,btc_usd,10933.25,1601299621.951,10937.5,57270.0,10938.0,37670.0,91471810
Deribit,btc_usd,10933.25,1601299622.308,10937.5,37290.0,10938.0,37670.0,91471810
Deribit,btc_usd,10933.25,1601299622.928,10937.5,37990.0,10938.0,37670.0,91471810
Deribit,btc_usd,10933.25,1601299623.005,10937.5,37290.0,10938.0,37670.0,91471810
Deribit,eth_usd,364.54,1601299623.305,364.7,3718.0,364.75,20862.0,23216749
Deribit,btc_usd,10933.04,1601299623.511,10937.5,37290.0,10938.0,71270.0,91471810
Deribit,btc_usd,10933.04,1601299623.513,10937.5,37290.0,10938.0,37670.0,91471810
Deribit,eth_usd,364.54,1601299623.903,364.7,3718.0,364.75,21662.0,23216749
Deribit,btc_usd,10933.04,1601299623.917,10937.5,37290.0,10938.0,41170.0,91471810
Deribit,btc_usd,10933.04,1601299623.935,10937.5,37290.0,10938.0,37670.0,91471810
Deribit,btc_usd,10932.83,1601299624.316,10937.5,37290.0,10938.0,71270.0,91471810
Deribit,btc_usd,10932.83,1601299624.464,10937.5,170.0,10938.0,71270.0,91471810
Deribit,btc_usd,10932.83,1601299624.466,10937.5,170.0,10938.0,91270.0,91471810
Deribit,btc_usd,10932.83,1601299624.47,10937.5,170.0,10938.0,96010.0,91471810
Deribit,eth_usd,364.54,1601299624.471,364.7,71.0,364.75,21662.0,23216749
Deribit,eth_usd,364.54,1601299624.474,364.65,86.0,364.75,21662.0,23216749
Deribit,eth_usd,364.54,1601299624.476,364.65,86.0,364.7,10941.0,23216749
Deribit,eth_usd,364.54,1601299624.478,364.65,86.0,364.7,17141.0,23216749
Deribit,eth_usd,364.54,1601299624.479,364.65,86.0,364.7,32316.0,23216749
Deribit,eth_usd,364.54,1601299624.543,364.65,3144.0,364.7,32316.0,23216749
Deribit,eth_usd,364.54,1601299624.553,364.65,3144.0,364.7,26116.0,23216749
Deribit,eth_usd,364.54,1601299624.566,364.65,3144.0,364.7,26916.0,23216749
Deribit,eth_usd,364.54,1601299624.747,364.65,3060.0,364.7,26916.0,23216749
Deribit,eth_usd,364.54,1601299624.764,364.65,3060.0,364.7,26931.0,23216749
Deribit,eth_usd,364.54,1601299624.793,364.65,3060.0,364.7,26949.0,23216749
Deribit,eth_usd,364.54,1601299624.92,364.65,3128.0,364.7,26949.0,23216749
Deribit,btc_usd,10932.71,1601299625.16,10937.5,170.0,10938.0,97810.0,91471810
Deribit,eth_usd,364.54,1601299625.231,364.65,3128.0,364.7,26934.0,23216749
Deribit,eth_usd,364.51,1601299625.296,364.65,70.0,364.7,26934.0,23216749
Deribit,eth_usd,364.51,1601299625.422,364.65,3128.0,364.7,26934.0,23216749
Deribit,btc_usd,10932.71,1601299625.543,10937.5,170.0,10938.0,96010.0,91471810
Deribit,eth_usd,364.51,1601299625.545,364.65,3128.0,364.7,26948.0,23216749
Deribit,btc_usd,10932.71,1601299625.679,10937.5,170.0,10938.0,62410.0,91471810
Deribit,eth_usd,364.51,1601299626.731,364.65,3128.0,364.7,26934.0,23216749
Deribit,btc_usd,10932.73,1601299626.883,10937.5,170.0,10938.0,66010.0,91471810
Deribit,btc_usd,10932.73,1601299626.901,10937.5,170.0,10938.0,66000.0,91471810
Deribit,btc_usd,10932.73,1601299626.903,10937.5,170.0,10938.0,62400.0,91471810
Deribit,eth_usd,364.51,1601299627.062,364.65,3128.0,364.7,26947.0,23216749
Deribit,btc_usd,10932.78,1601299627.618,10937.5,27510.0,10938.0,62400.0,91471810
Deribit,eth_usd,364.51,1601299627.684,364.65,70.0,364.7,26947.0,23216749
Deribit,eth_usd,364.51,1601299627.733,364.6,4197.0,364.7,26947.0,23216817
Deribit,eth_usd,364.51,1601299627.735,364.6,4197.0,364.65,6300.0,23216817
Deribit,eth_usd,364.51,1601299627.737,364.6,4197.0,364.65,8100.0,23216817
Deribit,eth_usd,364.51,1601299627.737,364.6,4197.0,364.65,22686.0,23216817
Deribit,eth_usd,364.51,1601299627.742,364.6,4197.0,364.65,23486.0,23216817
Deribit,eth_usd,364.51,1601299627.762,364.6,4199.0,364.65,23486.0,23216817
Deribit,btc_usd,10932.78,1601299627.872,10937.5,27510.0,10938.0,81000.0,91471810
Deribit,eth_usd,364.51,1601299628.049,364.6,4199.0,364.65,23504.0,23216817
Deribit,eth_usd,364.51,1601299628.12,364.6,4199.0,364.65,21704.0,23216817
Deribit,eth_usd,364.51,1601299628.216,364.6,4115.0,364.65,21704.0,23216817
Deribit,eth_usd,364.5,1601299628.325,364.6,4115.0,364.65,21686.0,23216817
Deribit,btc_usd,10932.79,1601299628.427,10937.5,27510.0,10938.0,62400.0,91471810
Deribit,eth_usd,364.5,1601299628.592,364.6,4179.0,364.65,21686.0,23216817
Deribit,btc_usd,10932.79,1601299628.864,10937.5,27510.0,10938.0,69600.0,91471810
Deribit,btc_usd,10932.81,1601299629.851,10937.5,27510.0,10938.0,78700.0,91471810
Deribit,btc_usd,10932.81,1601299630.135,10937.5,27510.0,10938.0,78800.0,91471810
Deribit,btc_usd,10932.73,1601299630.179,10937.5,27510.0,10938.0,69700.0,91471810
Deribit,eth_usd,364.49,1601299630.223,364.6,4179.0,364.65,21696.0,23216817
Deribit,eth_usd,364.49,1601299630.347,364.6,4179.0,364.65,20896.0,23216817
Deribit,btc_usd,10932.73,1601299630.839,10937.5,27510.0,10938.0,73300.0,91471810
Deribit,btc_usd,10932.73,1601299630.845,10937.5,27510.0,10938.0,69700.0,91471810
Deribit,btc_usd,10932.76,1601299631.347,10937.5,27520.0,10938.0,69700.0,91471810
Deribit,btc_usd,10932.76,1601299631.602,10937.5,27520.0,10938.0,71800.0,91471810
Deribit,btc_usd,10932.76,1601299631.828,10937.5,27520.0,10938.0,74500.0,91471810
Deribit,btc_usd,10932.76,1601299632.011,10937.5,27520.0,10938.0,71800.0,91471810
Deribit,eth_usd,364.49,1601299632.694,364.6,4179.0,364.65,21696.0,23216817
Deribit,btc_usd,10932.8,1601299632.816,10937.5,27520.0,10938.0,76400.0,91471810
Deribit,eth_usd,364.49,1601299632.955,364.6,4179.0,364.65,27696.0,23216817
Deribit,eth_usd,364.49,1601299633.099,364.6,4119.0,364.65,27696.0,23216860
Deribit,btc_usd,10932.73,1601299633.417,10937.5,27520.0,10938.0,71800.0,91471810
Deribit,btc_usd,10932.73,1601299633.608,10937.5,27520.0,10938.0,64600.0,91471810
Deribit,btc_usd,10932.73,1601299633.69,10937.5,27520.0,10938.0,84590.0,91471810
Deribit,eth_usd,364.45,1601299634.343,364.6,4119.0,364.65,27706.0,23216860
Deribit,eth_usd,364.47,1601299637.306,364.6,4119.0,364.65,27696.0,23216860
Deribit,btc_usd,10932.68,1601299638.714,10937.5,27520.0,10938.0,64600.0,91471810
Deribit,btc_usd,10932.77,1601299639.738,10937.5,27520.0,10938.0,73900.0,91471810
Deribit,eth_usd,364.47,1601299640.163,364.6,4119.0,364.65,27706.0,23216860
Deribit,eth_usd,364.47,1601299640.329,364.6,4119.0,364.65,27716.0,23216860
Deribit,btc_usd,10932.78,1601299641.173,10937.5,27520.0,10938.0,64600.0,91471810
Deribit,btc_usd,10932.87,1601299641.716,10937.5,27520.0,10938.0,74200.0,91471810
Deribit,eth_usd,364.47,1601299641.819,364.6,4119.0,364.65,47716.0,23216860
Deribit,eth_usd,364.47,1601299641.852,364.6,4119.0,364.65,63572.0,23216860
Deribit,eth_usd,364.47,1601299641.86,364.6,2802.0,364.65,63572.0,23215950
Deribit,eth_usd,364.47,1601299641.862,364.6,1602.0,364.65,63572.0,23214750
Deribit,eth_usd,364.47,1601299641.868,364.55,84.0,364.65,63572.0,23213212
Deribit,eth_usd,364.47,1601299641.869,364.55,84.0,364.6,500.0,23213212
Deribit,eth_usd,364.47,1601299641.87,364.55,84.0,364.6,900.0,23213212
Deribit,eth_usd,364.47,1601299641.87,364.55,3142.0,364.6,900.0,23213212
Deribit,eth_usd,364.47,1601299641.871,364.55,3142.0,364.6,1602.0,23213212
Deribit,eth_usd,364.47,1601299641.871,364.55,3142.0,364.6,12540.0,23213212
Deribit,eth_usd,364.47,1601299641.872,364.55,3142.0,364.6,18540.0,23213212
Deribit,eth_usd,364.47,1601299641.873,364.55,3142.0,364.6,37357.0,23213212
