Plateforme,Asset,Quote,Datetime,Bid,BidAmount,Ask,AskAmount,OpenInterest
Coinbase,eth_usd,364.15,1601306592.718097,364.14,0,364.15,0,355.67
Coinbase,eth_eur,312.8,1601306592.719402,312.8,0,312.82,0,305.97
Coinbase,btc_usd,10904.26,1601306592.719882,10904.26,0,10904.55,0,10757.04
Coinbase,btc_eur,9373.95,1601306592.720356,9370.53,0,9373.95,0,9249.04
Coinbase,eth_usd,364.15,1601306592.722374,364.14,0,364.15,0,355.67
Coinbase,eth_usd,364.15,1601306592.722849,364.14,0,364.2,0,355.67
Coinbase,btc_eur,9372.83,1601306592.723317,9371.43,0,9374.0,0,9249.04
Coinbase,btc_eur,9374,1601306592.723818,9371.43,0,9374.77,0,9249.04
Coinbase,btc_eur,9374.77,1601306592.724283,9371.43,0,9374.77,0,9249.04
Coinbase,btc_usd,10905.47,1601306592.724747,10905.46,0,10907.28,0,10757.04
Coinbase,btc_usd,10907.28,1601306592.725214,10905.46,0,10907.3,0,10757.04
Coinbase,btc_usd,10907.3,1601306592.725679,10905.46,0,10907.3,0,10757.04
Coinbase,eth_usd,364.14,1601306592.819164,364.04,0,364.15,0,355.67
Coinbase,eth_usd,364.04,1601306592.819865,364.04,0,364.15,0,355.67
Coinbase,btc_usd,10906.23,1601306594.046576,10905.5,0,10906.23,0,10757.04
Coinbase,btc_usd,10905.28,1601306594.750169,10905.28,0,10906.16,0,10757.04
Coinbase,btc_usd,10906.16,1601306594.999029,10905.28,0,10906.16,0,10757.04
Coinbase,btc_usd,10905.28,1601306597.541946,10905.28,0,10906.25,0,10757.04
Coinbase,btc_usd,10906.25,1601306597.658732,10905.28,0,10906.25,0,10757.04
Coinbase,btc_eur,9372.54,1601306598.848553,9371.75,0,9372.55,0,9249.04
Coinbase,btc_eur,9372.55,1601306598.849292,9371.75,0,9372.55,0,9249.04
Coinbase,eth_usd,364.11,1601306600.144331,364.07,0,364.11,0,355.67
Coinbase,eth_usd,364.11,1601306600.165719,364.07,0,364.11,0,355.67
Coinbase,btc_usd,10903.28,1601306601.277477,10903.28,0,10904.18,0,10757.04
Coinbase,btc_usd,10902.34,1601306602.423764,10902.34,0,10902.89,0,10757.04
Coinbase,btc_eur,9369.12,1601306605.793574,9369.12,0,9369.9,0,9249.04
Coinbase,eth_eur,312.83,1601306605.802492,312.77,0,312.83,0,305.97
Coinbase,eth_eur,312.77,1601306606.061922,312.77,0,312.83,0,305.97
Coinbase,eth_usd,363.98,1601306610.620818,363.97,0,363.98,0,355.67
Coinbase,btc_usd,10901.64,1601306610.813179,10901.64,0,10902.5,0,10757.04
Coinbase,btc_usd,10901.62,1601306611.167985,10901.62,0,10902.5,0,10757.04
Coinbase,btc_usd,10902.5,1601306611.697541,10901.58,0,10902.5,0,10757.04
Coinbase,btc_usd,10902.5,1601306611.803103,10901.58,0,10902.5,0,10757.04
Coinbase,btc_eur,9368.99,1601306612.077067,9366.66,0,9368.99,0,9249.04
Coinbase,btc_usd,10902.83,1601306613.634899,10901.67,0,10902.83,0,10757.04
Coinbase,eth_eur,312.98,1601306669.875303,312.98,0,313.14,0,305.97
Coinbase,eth_usd,364.4,1601306669.875981,364.4,0,364.41,0,355.67
Coinbase,btc_eur,9371.11,1601306669.876438,9371.11,0,9371.98,0,9249.04
Coinbase,btc_usd,10905.68,1601306669.876877,10904.32,0,10905.68,0,10757.04
Coinbase,btc_usd,10905.7,1601306670.565029,10904.89,0,10905.71,0,10757.04
Coinbase,btc_usd,10905.71,1601306670.565688,10904.89,0,10905.71,0,10757.04
Coinbase,eth_usd,364.38,1601306672.407536,364.38,0,364.39,0,355.67
Coinbase,eth_usd,364.38,1601306674.893583,364.38,0,364.39,0,355.67
Coinbase,btc_usd,10904.96,1601306676.528602,10904.96,0,10905.96,0,10757.04
Coinbase,eth_usd,364.38,1601306676.672364,364.38,0,364.39,0,355.67
Coinbase,btc_usd,10905.96,1601306676.998974,10904.98,0,10905.96,0,10757.04
Coinbase,eth_usd,364.39,1601306678.698498,364.38,0,364.39,0,355.67
Coinbase,eth_usd,364.39,1601306679.272502,364.38,0,364.39,0,355.67
Coinbase,eth_usd,364.39,1601306679.27847,364.38,0,364.39,0,355.67
Coinbase,btc_eur,9371.11,1601306679.862159,9371.11,0,9371.48,0,9249.04
Coinbase,eth_usd,364.49,1601306680.167337,364.49,0,364.5,0,355.67
Coinbase,btc_eur,9371.48,1601306680.673292,9371.11,0,9371.48,0,9249.04
Coinbase,btc_usd,10906.87,1601306681.14573,10906.01,0,10906.88,0,10757.04
Coinbase,btc_usd,10906.88,1601306681.14638,10906.01,0,10906.88,0,10757.04
Coinbase,btc_usd,10906.88,1601306681.497323,10906.23,0,10906.88,0,10757.04
Coinbase,btc_eur,9371.48,1601306681.543374,9371.11,0,9371.48,0,9249.04
Coinbase,btc_usd,10906.24,1601306682.480211,10906.24,0,10906.88,0,10757.04
Coinbase,btc_usd,10906.87,1601306685.049572,10906.24,0,10906.87,0,10757.04
Coinbase,btc_usd,10906.88,1601306685.532622,10906.24,0,10906.88,0,10757.04
Coinbase,eth_usd,364.49,1601306686.302451,364.49,0,364.5,0,355.67
Coinbase,btc_usd,10906.88,1601306686.456376,10906.24,0,10906.88,0,10757.04
Coinbase,btc_usd,10906.88,1601306686.575914,10906.24,0,10906.88,0,10757.04
Coinbase,btc_usd,10906.87,1601306687.3648,10906.24,0,10906.87,0,10757.04
Coinbase,eth_usd,364.5,1601306688.00909,364.49,0,364.5,0,355.67
Coinbase,eth_usd,364.5,1601306688.009641,364.49,0,364.5,0,355.67
Coinbase,eth_usd,364.5,1601306688.010481,364.49,0,364.5,0,355.67
Coinbase,eth_usd,364.5,1601306688.011525,364.49,0,364.5,0,355.67
Coinbase,btc_usd,10906.87,1601306689.710556,10906.24,0,10906.87,0,10757.04
Coinbase,btc_eur,9371.48,1601306689.760178,9371.11,0,9371.48,0,9249.04
Coinbase,eth_usd,364.56,1601306690.420683,364.55,0,364.58,0,355.67
Coinbase,eth_usd,364.58,1601306690.423269,364.55,0,364.59,0,355.67
Coinbase,eth_usd,364.59,1601306690.425684,364.55,0,364.6,0,355.67
Coinbase,eth_usd,364.6,1601306690.426156,364.55,0,364.61,0,355.67
Coinbase,eth_usd,364.61,1601306690.429965,364.55,0,364.62,0,355.67
Coinbase,eth_usd,364.62,1601306690.430442,364.55,0,364.63,0,355.67
Coinbase,eth_usd,364.63,1601306690.432446,364.55,0,364.64,0,355.67
Coinbase,eth_usd,364.64,1601306690.432952,364.55,0,364.65,0,355.67
Coinbase,eth_usd,364.65,1601306690.433412,364.55,0,364.66,0,355.67
Coinbase,eth_usd,364.66,1601306690.434493,364.55,0,364.66,0,355.67
Coinbase,btc_eur,9371.49,1601306696.392767,9371.48,0,9371.49,0,9249.04
Coinbase,eth_usd,364.73,1601306696.903022,364.72,0,364.73,0,355.67
Coinbase,eth_usd,364.73,1601306696.903708,364.72,0,364.73,0,355.67
Coinbase,btc_usd,10907.72,1601306697.11537,10907.71,0,10908.15,0,10757.04
Coinbase,btc_usd,10908.15,1601306697.116044,10907.71,0,10908.15,0,10757.04
Coinbase,btc_usd,10908.15,1601306697.941294,10908.14,0,10908.15,0,10757.04
Coinbase,btc_usd,10908.14,1601306699.009985,10908.14,0,10908.15,0,10757.04
Coinbase,eth_usd,364.73,1601306699.664516,364.72,0,364.73,0,355.67
Coinbase,btc_eur,9371.48,1601306700.578085,9371.48,0,9371.49,0,9249.04
Coinbase,btc_eur,9371.48,1601306700.814728,9371.48,0,9371.49,0,9249.04
Coinbase,btc_usd,10908.14,1601306701.15258,10908.14,0,10908.15,0,10757.04
Coinbase,btc_usd,10908.14,1601306701.280037,10908.14,0,10908.15,0,10757.04
Coinbase,btc_usd,10908.15,1601306701.541216,10908.14,0,10908.15,0,10757.04
Coinbase,btc_eur,9371.11,1601306701.832894,9371.11,0,9371.49,0,9249.04
Coinbase,eth_usd,364.72,1601306701.891753,364.72,0,364.73,0,355.67
Coinbase,eth_usd,364.72,1601306702.625925,364.72,0,364.73,0,355.67
Coinbase,eth_usd,364.72,1601306702.626615,364.64,0,364.73,0,355.67
Coinbase,btc_usd,10905.13,1601306702.693797,10905.12,0,10906.69,0,10757.04
Coinbase,btc_usd,10905.12,1601306702.695017,10905.12,0,10906.69,0,10757.04
Coinbase,eth_eur,313.31,1601306702.743431,313.15,0,313.33,0,305.97
Coinbase,eth_usd,364.67,1601306702.840282,364.67,0,364.7,0,355.67
Coinbase,btc_eur,9371.11,1601306702.939135,9368.64,0,9371.47,0,9249.04
Coinbase,btc_usd,10905.42,1601306703.027608,10905.05,0,10905.42,0,10757.04
Coinbase,eth_usd,364.71,1601306703.0778,364.71,0,364.72,0,355.67
Coinbase,eth_usd,364.7,1601306703.244226,364.7,0,364.73,0,355.67
Coinbase,eth_usd,364.73,1601306703.413194,364.7,0,364.73,0,355.67
Coinbase,btc_usd,10906.61,1601306703.432847,10905.47,0,10906.61,0,10757.04
Coinbase,btc_usd,10905.75,1601306704.911635,10905.74,0,10906.28,0,10757.04
Coinbase,btc_usd,10905.74,1601306704.922154,10905.74,0,10906.28,0,10757.04
Coinbase,btc_eur,9370.04,1601306705.415538,9368.87,0,9370.04,0,9249.04
Coinbase,btc_usd,10906.15,1601306705.471255,10906.15,0,10906.16,0,10757.04
Coinbase,btc_usd,10906.15,1601306706.804659,10906.15,0,10906.16,0,10757.04
Coinbase,btc_usd,10906.15,1601306706.872932,10906.15,0,10906.16,0,10757.04
Coinbase,eth_usd,364.83,1601306709.352974,364.82,0,364.83,0,355.67
Coinbase,btc_usd,10906.15,1601306710.693305,10905.83,0,10906.15,0,10757.04
Coinbase,eth_eur,313.33,1601306710.968017,313.31,0,313.33,0,305.97
Coinbase,btc_usd,10905.83,1601306711.165451,10905.12,0,10906.16,0,10757.04
Coinbase,btc_usd,10905.12,1601306711.16616,10905.12,0,10906.16,0,10757.04
Coinbase,btc_usd,10906.15,1601306714.591992,10905.04,0,10906.15,0,10757.04
Coinbase,eth_eur,313.32,1601306714.850971,313.32,0,313.33,0,305.97
Coinbase,btc_usd,10906.16,1601306715.394415,10905.01,0,10906.16,0,10757.04
Coinbase,eth_usd,364.83,1601306715.52672,364.82,0,364.83,0,355.67
Coinbase,eth_usd,364.83,1601306715.527442,364.82,0,364.83,0,355.67
Coinbase,eth_usd,364.83,1601306715.527912,364.82,0,364.85,0,355.67
Coinbase,eth_usd,364.85,1601306715.528386,364.82,0,364.92,0,355.67
Coinbase,eth_eur,313.33,1601306715.901682,313.32,0,313.33,0,305.97
Coinbase,eth_eur,313.33,1601306715.991129,313.32,0,313.35,0,305.97
Coinbase,eth_eur,313.35,1601306715.99183,313.32,0,313.35,0,305.97
Coinbase,btc_eur,9367.85,1601306715.992293,9367.85,0,9368.19,0,9249.04
Coinbase,eth_eur,313.34,1601306717.60744,313.34,0,313.35,0,305.97
Coinbase,eth_eur,313.35,1601306717.759872,313.34,0,313.42,0,305.97
Coinbase,eth_eur,313.42,1601306717.760868,313.34,0,313.49,0,305.97
Coinbase,btc_usd,10905.78,1601306718.469941,10905.78,0,10906.22,0,10757.04
Coinbase,btc_usd,10906.22,1601306719.778118,10905.33,0,10906.22,0,10757.04
Coinbase,eth_usd,364.94,1601306720.000024,364.93,0,364.94,0,355.67
Coinbase,eth_usd,364.93,1601306720.895213,364.93,0,364.94,0,355.67
Coinbase,btc_eur,9368.34,1601306721.057811,9367.26,0,9368.34,0,9249.04
Coinbase,btc_usd,10905.52,1601306721.40149,10905.52,0,10906.22,0,10757.04
Coinbase,btc_usd,10906.23,1601306721.854828,10905.89,0,10906.23,0,10757.04
Coinbase,btc_usd,10905.15,1601306722.616334,10905.15,0,10905.93,0,10757.04
Coinbase,btc_usd,10903.27,1601306723.285417,10903.27,0,10903.28,0,10757.04
Coinbase,eth_usd,364.94,1601306724.113801,364.93,0,364.94,0,355.67
Coinbase,btc_usd,10904.55,1601306725.60292,10904.55,0,10905.14,0,10757.04
Coinbase,btc_usd,10905.03,1601306725.869219,10903.33,0,10905.03,0,10757.04
Coinbase,eth_eur,313.4,1601306725.892384,313.4,0,313.49,0,305.97
Coinbase,btc_usd,10903.96,1601306726.489562,10903.96,0,10904.93,0,10757.04
Coinbase,btc_eur,9366.02,1601306726.499641,9366.02,0,9367.41,0,9249.04
Coinbase,btc_usd,10903.96,1601306726.731641,10903.96,0,10904.92,0,10757.04
Coinbase,btc_usd,10904.41,1601306727.943264,10904.19,0,10904.94,0,10757.04
Coinbase,btc_usd,10904.19,1601306727.944554,10904.19,0,10904.94,0,10757.04
Coinbase,btc_usd,10904.9,1601306728.447232,10904.24,0,10904.9,0,10757.04
Coinbase,eth_usd,364.93,1601306730.084006,364.93,0,364.94,0,355.67
Coinbase,btc_usd,10904.93,1601306730.943754,10904.22,0,10904.94,0,10757.04
Coinbase,btc_usd,10904.94,1601306730.944657,10904.22,0,10904.94,0,10757.04
Coinbase,eth_eur,313.38,1601306731.458783,313.38,0,313.49,0,305.97
Coinbase,btc_usd,10904.94,1601306731.665491,10904.41,0,10904.94,0,10757.04
Coinbase,eth_usd,364.94,1601306732.436495,364.93,0,364.94,0,355.67
Coinbase,btc_usd,10905.46,1601306732.92147,10905.46,0,10905.79,0,10757.04
Coinbase,btc_usd,10905.79,1601306732.9309,10905.46,0,10905.79,0,10757.04
Coinbase,btc_usd,10905.68,1601306733.697584,10905.05,0,10905.68,0,10757.04
Coinbase,btc_usd,10905.68,1601306733.731522,10904.6,0,10905.68,0,10757.04
Coinbase,eth_usd,364.94,1601306734.242149,364.93,0,364.94,0,355.67
Coinbase,btc_usd,10904.9,1601306734.480203,10904.9,0,10905.69,0,10757.04
Coinbase,btc_eur,9365.73,1601306735.962801,9365.73,0,9367.41,0,9249.04
Coinbase,eth_eur,313.4,1601306736.466035,313.4,0,313.49,0,305.97
Coinbase,btc_usd,10904.63,1601306736.707965,10903.63,0,10904.63,0,10757.04
Coinbase,btc_usd,10904.71,1601306738.757594,10903.97,0,10904.71,0,10757.04
Coinbase,btc_usd,10904.47,1601306741.457169,10904.46,0,10904.47,0,10757.04
Coinbase,eth_usd,364.93,1601306744.312323,364.92,0,364.93,0,355.67
Coinbase,btc_eur,9367.58,1601306745.989615,9365.84,0,9368.07,0,9249.04
Coinbase,btc_eur,9368.07,1601306745.990258,9365.84,0,9368.12,0,9249.04
Coinbase,btc_eur,9368.12,1601306745.991078,9365.84,0,9368.12,0,9249.04
Coinbase,eth_eur,313.4,1601306746.104272,313.4,0,313.49,0,305.97
Coinbase,eth_eur,313.4,1601306746.105377,313.4,0,313.49,0,305.97
Coinbase,btc_usd,10904.99,1601306746.219605,10904.46,0,10904.99,0,10757.04
Coinbase,eth_usd,364.93,1601306748.18487,364.92,0,364.93,0,355.67
Coinbase,btc_eur,9367.92,1601306748.313468,9366.28,0,9367.92,0,9249.04
Coinbase,btc_eur,9367.92,1601306748.547828,9366.29,0,9367.92,0,9249.04
Coinbase,btc_usd,10904.15,1601306749.049071,10903.73,0,10904.74,0,10757.04
Coinbase,btc_usd,10903.73,1601306749.050383,10903.73,0,10904.74,0,10757.04
Coinbase,btc_eur,9366.31,1601306749.610842,9366.31,0,9367.92,0,9249.04
Coinbase,btc_usd,10903.44,1601306750.379057,10903.44,0,10904.1,0,10757.04
Coinbase,eth_usd,364.93,1601306751.469598,364.92,0,364.93,0,355.67
Coinbase,eth_usd,364.93,1601306752.033552,364.92,0,364.93,0,355.67
Coinbase,btc_usd,10904.42,1601306753.010227,10903.64,0,10904.42,0,10757.04
Coinbase,btc_usd,10904.21,1601306754.071923,10903.53,0,10904.21,0,10757.04
Coinbase,btc_usd,10904.03,1601306756.014094,10903.27,0,10904.03,0,10757.04
Coinbase,btc_eur,9365.06,1601306756.660712,9365.05,0,9366.76,0,9249.04
Coinbase,btc_eur,9365.05,1601306756.661433,9365.05,0,9366.76,0,9249.04
Coinbase,eth_eur,313.49,1601306756.702698,313.41,0,313.49,0,305.97
Coinbase,btc_usd,10903.84,1601306757.688892,10903.13,0,10903.9,0,10757.04
Coinbase,btc_usd,10903.9,1601306757.695619,10903.13,0,10903.9,0,10757.04
Coinbase,btc_usd,10903.43,1601306757.958964,10903.43,0,10903.94,0,10757.04
Coinbase,btc_usd,10903.93,1601306759.709394,10903.43,0,10903.93,0,10757.04
Coinbase,btc_usd,10903.74,1601306759.946198,10903.12,0,10903.74,0,10757.04
Coinbase,eth_usd,364.92,1601306760.128826,364.92,0,364.93,0,355.67
Coinbase,eth_usd,364.92,1601306760.12941,364.91,0,364.93,0,355.67
Coinbase,eth_usd,364.91,1601306760.130477,364.91,0,364.93,0,355.67
Coinbase,btc_usd,10903.11,1601306760.220569,10902.37,0,10903.11,0,10757.04
Coinbase,eth_usd,364.91,1601306760.585561,364.91,0,364.92,0,355.67
Coinbase,eth_usd,364.91,1601306760.621038,364.91,0,364.92,0,355.67
Coinbase,btc_eur,9365.21,1601306763.132609,9365.0,0,9365.21,0,9249.04
Coinbase,btc_usd,10900.06,1601306764.11278,10900.06,0,10900.07,0,10757.04
Coinbase,btc_eur,9365.21,1601306764.750153,9365.0,0,9365.21,0,9249.04
Coinbase,eth_usd,364.91,1601306765.066451,364.88,0,364.92,0,355.67
Coinbase,eth_usd,364.88,1601306765.067126,364.88,0,364.92,0,355.67
Coinbase,eth_usd,364.88,1601306765.077947,364.77,0,364.92,0,355.67
Coinbase,eth_eur,313.39,1601306765.102684,313.39,0,313.4,0,305.97
Coinbase,eth_eur,313.39,1601306765.121504,313.39,0,313.4,0,305.97
Coinbase,eth_eur,313.39,1601306765.122924,313.39,0,313.4,0,305.97
Coinbase,btc_usd,10900.06,1601306765.251522,10900.06,0,10900.07,0,10757.04
Coinbase,btc_usd,10900.06,1601306765.65479,10900.06,0,10900.07,0,10757.04
Coinbase,btc_usd,10900.06,1601306767.474856,10900.06,0,10900.07,0,10757.04
Coinbase,btc_usd,10900.07,1601306767.485304,10900.06,0,10900.07,0,10757.04
Coinbase,btc_usd,10900.06,1601306767.516769,10900.06,0,10900.07,0,10757.04
Coinbase,btc_usd,10900.06,1601306767.735633,10900.06,0,10900.07,0,10757.04
Coinbase,btc_eur,9365,1601306768.08496,9365.0,0,9365.21,0,9249.04
Coinbase,eth_usd,364.64,1601306768.35032,364.63,0,364.64,0,355.67
Coinbase,btc_eur,9365.21,1601306768.852361,9365.0,0,9365.21,0,9249.04
Coinbase,btc_usd,10900.07,1601306769.047353,10900.06,0,10900.07,0,10757.04
Coinbase,btc_usd,10900.06,1601306771.591415,10900.06,0,10900.07,0,10757.04
Coinbase,btc_usd,10900.06,1601306773.086321,10900.06,0,10900.07,0,10757.04
Coinbase,btc_usd,10900.07,1601306773.389,10900.06,0,10900.07,0,10757.04
Coinbase,btc_usd,10900.07,1601306773.726942,10900.06,0,10900.07,0,10757.04
Coinbase,eth_usd,364.64,1601306774.055883,364.62,0,364.64,0,355.67
Coinbase,eth_usd,364.63,1601306774.5052,364.63,0,364.64,0,355.67
Coinbase,btc_eur,9364.08,1601306774.759243,9361.18,0,9364.34,0,9249.04
Coinbase,btc_eur,9364.34,1601306774.759904,9361.18,0,9364.34,0,9249.04
Coinbase,eth_eur,313.06,1601306776.334345,313.06,0,313.22,0,305.97
Coinbase,btc_usd,10900.07,1601306776.63263,10900.06,0,10900.07,0,10757.04
Coinbase,btc_usd,10900.06,1601306776.779789,10898.67,0,10900.07,0,10757.04
Coinbase,btc_usd,10897.43,1601306777.614629,10897.41,0,10897.94,0,10757.04
Coinbase,btc_usd,10897.41,1601306777.615262,10897.41,0,10897.94,0,10757.04
Coinbase,btc_usd,10897.41,1601306777.629231,10897.41,0,10897.94,0,10757.04
Coinbase,btc_usd,10897.41,1601306777.658514,10897.37,0,10897.44,0,10757.04
Coinbase,btc_usd,10897.37,1601306777.659015,10897.37,0,10897.44,0,10757.04
Coinbase,eth_usd,364.44,1601306777.919515,364.44,0,364.5,0,355.67
Coinbase,eth_eur,312.94,1601306778.541085,312.94,0,313.13,0,305.97
Coinbase,btc_eur,9363.86,1601306778.55682,9360.29,0,9363.86,0,9249.04
Coinbase,btc_usd,10896.75,1601306778.968883,10896.74,0,10896.75,0,10757.04
Coinbase,btc_eur,9363.24,1601306779.434314,9360.68,0,9363.24,0,9249.04
Coinbase,btc_eur,9363.24,1601306780.43808,9360.31,0,9363.24,0,9249.04
Coinbase,btc_usd,10896.75,1601306782.16985,10896.74,0,10896.75,0,10757.04
Coinbase,btc_usd,10896.74,1601306783.058193,10896.74,0,10896.75,0,10757.04
Coinbase,eth_eur,313.12,1601306783.590044,312.96,0,313.12,0,305.97
Coinbase,eth_eur,312.94,1601306785.52043,312.93,0,313.12,0,305.97
Coinbase,eth_eur,312.93,1601306785.521127,312.93,0,313.12,0,305.97
Coinbase,eth_eur,312.93,1601306785.521602,312.92,0,313.12,0,305.97
Coinbase,eth_eur,312.92,1601306785.525215,312.92,0,313.12,0,305.97
Coinbase,btc_usd,10896.75,1601306786.569736,10896.74,0,10896.75,0,10757.04
Coinbase,btc_usd,10896.75,1601306787.010806,10896.74,0,10896.75,0,10757.04
Coinbase,eth_usd,364.47,1601306788.052031,364.46,0,364.58,0,355.67
Coinbase,btc_usd,10896.75,1601306788.988522,10896.74,0,10896.75,0,10757.04
Coinbase,btc_usd,10896.74,1601306790.98565,10896.74,0,10896.75,0,10757.04
Coinbase,btc_usd,10896.75,1601306791.500323,10896.74,0,10896.75,0,10757.04
Coinbase,btc_usd,10897,1601306791.987176,10896.99,0,10897.0,0,10757.04
Coinbase,btc_usd,10896.99,1601306792.739006,10896.99,0,10897.0,0,10757.04
Coinbase,btc_usd,10896.99,1601306793.268027,10896.99,0,10897.0,0,10757.04
Coinbase,btc_usd,10896.99,1601306793.268726,10896.99,0,10897.0,0,10757.04
Coinbase,btc_usd,10896.99,1601306793.57761,10896.99,0,10897.0,0,10757.04
Coinbase,btc_usd,10896.99,1601306795.004551,10896.99,0,10897.0,0,10757.04
Coinbase,btc_usd,10897,1601306795.405077,10896.99,0,10897.0,0,10757.04
Coinbase,eth_usd,364.54,1601306796.641908,364.49,0,364.54,0,355.67
Coinbase,btc_usd,10897,1601306797.123221,10896.99,0,10897.0,0,10757.04
Coinbase,btc_usd,10897,1601306797.438879,10896.99,0,10897.0,0,10757.04
Coinbase,btc_usd,10897,1601306798.369376,10896.99,0,10897.0,0,10757.04
Coinbase,eth_usd,364.53,1601306798.517307,364.49,0,364.53,0,355.67
Coinbase,btc_usd,10896.99,1601306798.526615,10896.99,0,10897.0,0,10757.04
Coinbase,btc_eur,9362.13,1601306800.790776,9361.28,0,9362.13,0,9249.04
Coinbase,btc_usd,10897,1601306801.469758,10896.99,0,10897.0,0,10757.04
Coinbase,btc_eur,9360.43,1601306801.53725,9360.43,0,9362.57,0,9249.04
Coinbase,btc_eur,9360.43,1601306801.752593,9360.43,0,9362.57,0,9249.04
Coinbase,btc_usd,10897,1601306801.863528,10896.99,0,10897.0,0,10757.04
Coinbase,btc_eur,9362.57,1601306802.154521,9360.43,0,9362.57,0,9249.04
Coinbase,btc_usd,10897,1601306803.220156,10896.99,0,10897.0,0,10757.04
Coinbase,eth_eur,313.05,1601306803.884113,313.05,0,313.13,0,305.97
Coinbase,eth_usd,364.65,1601306804.443856,364.6,0,364.65,0,355.67
Coinbase,eth_usd,364.65,1601306804.721242,364.6,0,364.65,0,355.67
Coinbase,btc_usd,10897,1601306805.502779,10896.99,0,10897.0,0,10757.04
Coinbase,btc_usd,10897,1601306805.680189,10896.99,0,10897.0,0,10757.04
Coinbase,btc_usd,10897,1601306805.969424,10896.99,0,10897.0,0,10757.04
Coinbase,btc_usd,10897,1601306807.293586,10896.99,0,10897.0,0,10757.04
Coinbase,btc_usd,10897,1601306811.562727,10896.99,0,10897.0,0,10757.04
Coinbase,eth_usd,364.52,1601306812.171958,364.52,0,364.58,0,355.67
Coinbase,btc_usd,10897,1601306813.765034,10896.99,0,10897.0,0,10757.04
Coinbase,btc_usd,10897,1601306816.656618,10896.99,0,10897.0,0,10757.04
Coinbase,eth_eur,313.05,1601306816.813418,313.05,0,313.15,0,305.97
Coinbase,eth_eur,313.05,1601306816.814655,313.05,0,313.15,0,305.97
Coinbase,eth_eur,313.05,1601306816.816649,313.05,0,313.15,0,305.97
Coinbase,eth_eur,313.05,1601306817.103955,313.05,0,313.15,0,305.97
Coinbase,eth_usd,364.59,1601306817.576567,364.59,0,364.63,0,355.67
Coinbase,eth_usd,364.59,1601306818.391559,364.59,0,364.62,0,355.67
Coinbase,eth_usd,364.62,1601306818.607989,364.59,0,364.62,0,355.67
Coinbase,eth_usd,364.62,1601306818.949609,364.59,0,364.62,0,355.67
Coinbase,btc_usd,10897,1601306819.90588,10896.99,0,10897.0,0,10757.04
Coinbase,btc_usd,10897,1601306822.027872,10896.99,0,10897.0,0,10757.04
Coinbase,btc_usd,10896.36,1601306822.326537,10896.31,0,10896.36,0,10757.04
Coinbase,eth_usd,364.38,1601306822.461889,364.38,0,364.39,0,355.67
Coinbase,eth_usd,364.38,1601306822.478729,364.38,0,364.39,0,355.67
Coinbase,btc_usd,10896.07,1601306823.968143,10896.06,0,10896.07,0,10757.04
Coinbase,eth_usd,364.38,1601306824.20995,364.3,0,364.39,0,355.67
Coinbase,btc_usd,10895.13,1601306825.090569,10894.71,0,10895.13,0,10757.04
Coinbase,btc_usd,10895.13,1601306825.380712,10894.88,0,10895.98,0,10757.04
Coinbase,btc_usd,10895.98,1601306825.381402,10894.88,0,10896.07,0,10757.04
Coinbase,btc_usd,10896.07,1601306825.382517,10894.88,0,10896.07,0,10757.04
Coinbase,btc_usd,10895.87,1601306825.901462,10895.37,0,10895.87,0,10757.04
Coinbase,btc_usd,10895.22,1601306827.545988,10895.21,0,10895.22,0,10757.04
Coinbase,btc_usd,10895.22,1601306827.547272,10895.21,0,10895.22,0,10757.04
Coinbase,btc_usd,10894.13,1601306829.294769,10893.79,0,10894.13,0,10757.04
Coinbase,btc_eur,9360.59,1601306830.471817,9360.0,0,9360.59,0,9249.04
Coinbase,eth_usd,364.41,1601306832.278985,364.34,0,364.41,0,355.67
Coinbase,eth_usd,364.39,1601306833.165447,364.33,0,364.39,0,355.67
Coinbase,btc_usd,10894.37,1601306833.516954,10893.88,0,10894.37,0,10757.04
Coinbase,btc_eur,9360.52,1601306833.86879,9360.0,0,9360.52,0,9249.04
Coinbase,btc_usd,10893.88,1601306833.930036,10893.65,0,10894.41,0,10757.04
Coinbase,btc_usd,10893.65,1601306833.931337,10893.65,0,10894.41,0,10757.04
Coinbase,eth_eur,312.84,1601306835.380769,312.84,0,313.0,0,305.97
Coinbase,btc_usd,10893.93,1601306835.571619,10893.44,0,10893.93,0,10757.04
Coinbase,btc_usd,10893.44,1601306837.118349,10892.03,0,10894.05,0,10757.04
Coinbase,btc_usd,10892.03,1601306837.119341,10891.98,0,10894.05,0,10757.04
Coinbase,btc_usd,10891.98,1601306837.120391,10891.87,0,10894.05,0,10757.04
Coinbase,btc_usd,10891.87,1601306837.123529,10891.64,0,10894.05,0,10757.04
Coinbase,btc_usd,10891.64,1601306837.124168,10891.61,0,10894.05,0,10757.04
Coinbase,btc_usd,10891.61,1601306837.127021,10891.61,0,10894.05,0,10757.04
Coinbase,btc_eur,9360,1601306837.474804,9360.0,0,9360.73,0,9249.04
Coinbase,btc_usd,10894.1,1601306838.611618,10893.19,0,10894.1,0,10757.04
Coinbase,btc_eur,9360.5,1601306839.969612,9360.0,0,9360.5,0,9249.04
Coinbase,btc_usd,10891.63,1601306841.399927,10891.06,0,10893.7,0,10757.04
Coinbase,btc_usd,10891.06,1601306841.405458,10890.86,0,10893.7,0,10757.04
Coinbase,btc_usd,10890.86,1601306841.405972,10890.86,0,10893.7,0,10757.04
Coinbase,eth_eur,312.85,1601306841.784579,312.85,0,312.98,0,305.97
Coinbase,btc_usd,10893.88,1601306842.559036,10893.6,0,10893.88,0,10757.04
Coinbase,eth_usd,364.3,1601306843.055244,364.29,0,364.3,0,355.67
Coinbase,btc_usd,10894.92,1601306843.454682,10893.6,0,10894.92,0,10757.04
Coinbase,btc_eur,9360,1601306843.765026,9360.0,0,9360.32,0,9249.04
Coinbase,eth_usd,364.36,1601306845.394308,364.35,0,364.36,0,355.67
Coinbase,btc_usd,10892.61,1601306846.082329,10892.61,0,10893.82,0,10757.04
Coinbase,btc_eur,9360,1601306846.647232,9360.0,0,9360.31,0,9249.04
Coinbase,btc_usd,10894.25,1601306848.101008,10893.85,0,10894.91,0,10757.04
Coinbase,btc_usd,10894.91,1601306848.101668,10893.85,0,10894.91,0,10757.04
Coinbase,btc_usd,10894.54,1601306848.270227,10893.42,0,10894.54,0,10757.04
Coinbase,eth_usd,364.37,1601306848.282039,364.32,0,364.37,0,355.67
Coinbase,eth_eur,312.87,1601306848.396104,312.87,0,312.94,0,305.97
Coinbase,eth_usd,364.36,1601306849.628799,364.32,0,364.36,0,355.67
Coinbase,btc_usd,10894.58,1601306850.069113,10893.79,0,10894.58,0,10757.04
Coinbase,btc_usd,10894.13,1601306850.395521,10893.82,0,10894.13,0,10757.04
Coinbase,btc_usd,10893.72,1601306851.230322,10893.72,0,10894.63,0,10757.04
Coinbase,eth_usd,364.34,1601306852.16384,364.29,0,364.35,0,355.67
Coinbase,eth_usd,364.35,1601306852.16453,364.29,0,364.36,0,355.67
Coinbase,eth_usd,364.36,1601306852.164996,364.29,0,364.37,0,355.67
Coinbase,eth_usd,364.37,1601306852.165458,364.29,0,364.37,0,355.67
Coinbase,btc_usd,10895.21,1601306852.245257,10894.22,0,10895.21,0,10757.04
Coinbase,btc_usd,10895.25,1601306852.896876,10894.27,0,10895.25,0,10757.04
Coinbase,btc_usd,10894.66,1601306853.243847,10894.66,0,10895.44,0,10757.04
Coinbase,eth_eur,312.94,1601306854.282599,312.88,0,312.94,0,305.97
Coinbase,btc_usd,10895.38,1601306855.408806,10894.62,0,10895.38,0,10757.04
Coinbase,btc_eur,9360.32,1601306856.561274,9360.0,0,9360.32,0,9249.04
Coinbase,btc_usd,10894.68,1601306856.895695,10894.68,0,10895.36,0,10757.04
Coinbase,btc_usd,10895.39,1601306857.255488,10894.73,0,10895.39,0,10757.04
Coinbase,btc_usd,10895.21,1601306858.101414,10895.2,0,10895.21,0,10757.04
Coinbase,btc_usd,10895.2,1601306859.175693,10894.73,0,10895.21,0,10757.04
Coinbase,btc_usd,10894.73,1601306859.180629,10893.94,0,10895.21,0,10757.04
Coinbase,btc_usd,10893.94,1601306859.181087,10893.94,0,10895.21,0,10757.04
Coinbase,btc_usd,10895.14,1601306859.784992,10894.24,0,10895.14,0,10757.04
Coinbase,btc_usd,10895.14,1601306859.965035,10894.31,0,10895.14,0,10757.04
Coinbase,btc_usd,10894.91,1601306861.456277,10894.0,0,10894.91,0,10757.04
Coinbase,eth_usd,364.34,1601306862.11731,364.3,0,364.34,0,355.67
Coinbase,eth_eur,312.94,1601306863.471372,312.86,0,312.94,0,305.97
Coinbase,btc_usd,10894.01,1601306865.414052,10894.0,0,10894.01,0,10757.04
Coinbase,btc_usd,10894.41,1601306865.95173,10894.0,0,10894.41,0,10757.04
Coinbase,btc_eur,9360,1601306868.79354,9358.04,0,9360.18,0,9249.04
Coinbase,btc_eur,9358.04,1601306868.794801,9358.04,0,9360.18,0,9249.04
Coinbase,btc_usd,10894.45,1601306870.87965,10894.0,0,10894.45,0,10757.04
Coinbase,btc_usd,10894,1601306871.516882,10892.42,0,10894.01,0,10757.04
Coinbase,btc_usd,10892.42,1601306871.517609,10892.42,0,10894.01,0,10757.04
Coinbase,btc_usd,10892.42,1601306871.520874,10892.42,0,10894.01,0,10757.04
Coinbase,eth_usd,364.34,1601306872.068951,364.29,0,364.34,0,355.67
Coinbase,btc_usd,10893.04,1601306872.168702,10893.04,0,10894.22,0,10757.04
Coinbase,btc_usd,10892.81,1601306873.220989,10892.23,0,10892.81,0,10757.04
Coinbase,eth_eur,312.94,1601306873.321878,312.86,0,312.94,0,305.97
Coinbase,btc_usd,10892.13,1601306873.823498,10892.13,0,10892.98,0,10757.04
Coinbase,eth_usd,364.3,1601306876.110097,364.29,0,364.3,0,355.67
Coinbase,btc_usd,10893.35,1601306877.9369,10892.53,0,10893.35,0,10757.04
Coinbase,btc_usd,10893.37,1601306878.656189,10892.68,0,10893.37,0,10757.04
Coinbase,btc_usd,10894,1601306879.140387,10894.0,0,10894.16,0,10757.04
Coinbase,btc_usd,10894,1601306879.638185,10893.99,0,10894.0,0,10757.04
Coinbase,btc_usd,10894,1601306881.147572,10893.45,0,10894.0,0,10757.04
Coinbase,eth_usd,364.35,1601306884.576181,364.34,0,364.35,0,355.67
Coinbase,eth_eur,312.86,1601306884.819637,312.86,0,312.92,0,305.97
Coinbase,btc_usd,10894.27,1601306885.72413,10893.23,0,10894.27,0,10757.04
Coinbase,eth_usd,364.33,1601306885.810709,364.33,0,364.35,0,355.67
Coinbase,btc_usd,10893.16,1601306886.97674,10893.16,0,10893.79,0,10757.04
Coinbase,eth_usd,364.32,1601306888.148435,364.3,0,364.35,0,355.67
Coinbase,btc_usd,10893.04,1601306890.002104,10893.04,0,10893.78,0,10757.04
Coinbase,eth_eur,312.92,1601306890.400519,312.87,0,312.92,0,305.97
Coinbase,btc_usd,10893.18,1601306893.887663,10893.18,0,10894.09,0,10757.04
Coinbase,btc_eur,9359.42,1601306894.103782,9358.0,0,9359.42,0,9249.04
Coinbase,btc_usd,10894.03,1601306894.158855,10893.18,0,10894.03,0,10757.04
Coinbase,btc_usd,10894.09,1601306894.272636,10893.18,0,10894.09,0,10757.04
Coinbase,btc_eur,9358,1601306894.655417,9358.0,0,9359.42,0,9249.04
Coinbase,btc_usd,10893.19,1601306894.928279,10893.19,0,10894.32,0,10757.04
Coinbase,eth_usd,364.35,1601306895.435229,364.34,0,364.35,0,355.67
Coinbase,btc_usd,10894.11,1601306895.728746,10894.1,0,10894.11,0,10757.04
Coinbase,eth_eur,312.87,1601306895.975881,312.87,0,312.92,0,305.97
Coinbase,btc_usd,10893.85,1601306897.757799,10893.25,0,10894.45,0,10757.04
Coinbase,btc_usd,10893.25,1601306897.759063,10893.12,0,10894.45,0,10757.04
Coinbase,btc_usd,10893.12,1601306897.762765,10893.12,0,10894.45,0,10757.04
Coinbase,btc_eur,9358.01,1601306897.771228,9358.01,0,9360.29,0,9249.04
Coinbase,eth_usd,364.35,1601306898.400598,364.32,0,364.35,0,355.67
Coinbase,eth_usd,364.35,1601306898.903294,364.34,0,364.35,0,355.67
Coinbase,btc_usd,10893.73,1601306901.231229,10893.73,0,10894.45,0,10757.04
Coinbase,btc_usd,10893.46,1601306901.407694,10893.46,0,10894.33,0,10757.04
Coinbase,eth_usd,364.91,1601307189.88993,364.91,0,364.98,0,355.67
Coinbase,eth_eur,313.2,1601307189.890783,313.2,0,313.45,0,305.97
Coinbase,btc_usd,10899.55,1601307189.891212,10899.54,0,10899.55,0,10757.04
Coinbase,btc_eur,9368.43,1601307189.891565,9367.12,0,9368.43,0,9249.04
Coinbase,btc_usd,10899.54,1601307191.847977,10899.54,0,10899.55,0,10757.04
Coinbase,eth_usd,364.91,1601307192.727542,364.9,0,364.99,0,355.67
Coinbase,eth_usd,364.9,1601307192.731801,364.89,0,364.99,0,355.67
Coinbase,eth_usd,364.89,1601307192.732342,364.87,0,364.99,0,355.67
Coinbase,eth_usd,364.87,1601307192.733028,364.87,0,364.99,0,355.67
Coinbase,btc_usd,10899.54,1601307193.485229,10899.54,0,10899.55,0,10757.04
Coinbase,eth_usd,364.86,1601307194.838328,364.79,0,364.86,0,355.67
Coinbase,btc_usd,10899.54,1601307195.405004,10899.54,0,10899.55,0,10757.04
Coinbase,eth_usd,364.92,1601307195.864393,364.83,0,364.92,0,355.67
Coinbase,eth_usd,364.92,1601307196.086726,364.84,0,364.92,0,355.67
Coinbase,btc_eur,9367.69,1601307196.511293,9367.69,0,9368.43,0,9249.04
Coinbase,btc_usd,10899.54,1601307197.1129,10899.54,0,10899.55,0,10757.04
Coinbase,btc_usd,10899.54,1601307198.818575,10899.54,0,10899.55,0,10757.04
Coinbase,btc_usd,10899.55,1601307201.443162,10899.54,0,10899.55,0,10757.04
Coinbase,btc_usd,10899.54,1601307201.650822,10899.54,0,10899.55,0,10757.04
Coinbase,btc_eur,9368.43,1601307201.666049,9367.23,0,9368.43,0,9249.04
Coinbase,btc_usd,10899.54,1601307202.140585,10899.54,0,10899.55,0,10757.04
Coinbase,btc_usd,10899.55,1601307202.936255,10899.54,0,10899.55,0,10757.04
Coinbase,btc_usd,10899.55,1601307204.000553,10899.54,0,10899.55,0,10757.04
Coinbase,btc_eur,9368.43,1601307204.601742,9368.32,0,9368.43,0,9249.04
Coinbase,btc_eur,9368.43,1601307204.645283,9368.32,0,9368.43,0,9249.04
Coinbase,btc_usd,10899.55,1601307205.301726,10899.54,0,10899.55,0,10757.04
Coinbase,btc_usd,10899.55,1601307205.524413,10899.54,0,10899.55,0,10757.04
Coinbase,eth_eur,313.57,1601307205.548127,313.52,0,313.57,0,305.97
Coinbase,eth_usd,365.07,1601307206.564103,365.04,0,365.07,0,355.67
Coinbase,eth_eur,313.55,1601307207.47814,313.55,0,313.6,0,305.97
Coinbase,eth_eur,313.55,1601307207.478563,313.55,0,313.6,0,305.97
Coinbase,btc_usd,10899.55,1601307207.991378,10899.54,0,10899.55,0,10757.04
Coinbase,btc_usd,10899.55,1601307208.185035,10899.54,0,10899.55,0,10757.04
Coinbase,btc_usd,10899.55,1601307208.881521,10899.54,0,10899.55,0,10757.04
Coinbase,btc_usd,10899.55,1601307209.2977,10899.54,0,10899.55,0,10757.04
Coinbase,eth_eur,313.6,1601307209.579234,313.54,0,313.6,0,305.97
Coinbase,btc_usd,10899.55,1601307211.193629,10899.54,0,10899.55,0,10757.04
Coinbase,btc_usd,10899.55,1601307213.590923,10899.54,0,10899.55,0,10757.04
Coinbase,btc_usd,10899.55,1601307213.689276,10899.54,0,10899.55,0,10757.04
Coinbase,btc_eur,9368.43,1601307215.683109,9367.77,0,9368.43,0,9249.04
Coinbase,btc_usd,10899.55,1601307215.897382,10899.54,0,10899.55,0,10757.04
Coinbase,btc_usd,10899.54,1601307219.465556,10899.54,0,10899.55,0,10757.04
Coinbase,eth_usd,364.83,1601307219.961012,364.79,0,364.83,0,355.67
Coinbase,btc_usd,10899.55,1601307221.480349,10899.54,0,10899.55,0,10757.04
Coinbase,eth_eur,313.4,1601307222.561752,313.32,0,313.52,0,305.97
Coinbase,btc_eur,9368.43,1601307223.067156,9366.11,0,9368.43,0,9249.04
Coinbase,eth_eur,313.38,1601307224.704394,313.23,0,313.38,0,305.97
Coinbase,btc_usd,10899.54,1601307225.053934,10899.54,0,10899.55,0,10757.04
Coinbase,btc_usd,10899.54,1601307225.545412,10899.54,0,10899.55,0,10757.04
Coinbase,eth_usd,364.68,1601307226.456728,364.56,0,364.69,0,355.67
Coinbase,btc_usd,10899.55,1601307228.195967,10899.54,0,10899.55,0,10757.04
Coinbase,btc_usd,10899.54,1601307229.284832,10899.54,0,10899.55,0,10757.04
Coinbase,btc_usd,10899.54,1601307229.285325,10899.54,0,10899.55,0,10757.04
Coinbase,btc_usd,10899.54,1601307229.28603,10899.54,0,10899.55,0,10757.04
Coinbase,btc_usd,10899.54,1601307229.286389,10899.54,0,10899.55,0,10757.04
Coinbase,btc_usd,10899.54,1601307229.930794,10899.54,0,10899.55,0,10757.04
Coinbase,eth_eur,313.38,1601307232.049742,313.14,0,313.38,0,305.97
Coinbase,btc_usd,10899.54,1601307232.271278,10899.54,0,10899.55,0,10757.04
Coinbase,eth_usd,364.65,1601307232.939914,364.6,0,364.66,0,355.67
Coinbase,eth_usd,364.6,1601307232.943009,364.6,0,364.66,0,355.67
Coinbase,btc_usd,10899.55,1601307233.701934,10899.54,0,10899.55,0,10757.04
Coinbase,btc_usd,10899.55,1601307235.905103,10899.54,0,10899.55,0,10757.04
Coinbase,btc_usd,10899.55,1601307237.921819,10899.54,0,10899.55,0,10757.04
Coinbase,btc_usd,10899.55,1601307238.369661,10899.54,0,10899.55,0,10757.04
Coinbase,btc_eur,9365.94,1601307239.287567,9365.94,0,9367.99,0,9249.04
Coinbase,eth_eur,313.24,1601307240.06231,313.09,0,313.24,0,305.97
Coinbase,btc_usd,10899.55,1601307240.139404,10899.54,0,10899.55,0,10757.04
Coinbase,btc_eur,9367.99,1601307240.280416,9365.96,0,9367.99,0,9249.04
Coinbase,eth_eur,313.24,1601307240.740944,313.09,0,313.24,0,305.97
Coinbase,btc_eur,9367.97,1601307242.022218,9365.96,0,9367.97,0,9249.04
Coinbase,btc_usd,10899.55,1601307242.562144,10899.54,0,10899.55,0,10757.04
Coinbase,btc_usd,10899.55,1601307243.711256,10899.54,0,10899.55,0,10757.04
Coinbase,btc_usd,10899.55,1601307244.255923,10899.54,0,10899.55,0,10757.04
Coinbase,btc_usd,10899.55,1601307244.51184,10899.54,0,10899.55,0,10757.04
Coinbase,eth_eur,313.24,1601307244.964675,313.14,0,313.24,0,305.97
Coinbase,btc_eur,9366.31,1601307246.817522,9366.31,0,9367.97,0,9249.04
Coinbase,btc_usd,10899.54,1601307247.905749,10899.54,0,10899.55,0,10757.04
Coinbase,btc_usd,10899.54,1601307248.120174,10899.54,0,10899.55,0,10757.04
Coinbase,eth_usd,364.34,1601307248.463263,364.32,0,364.34,0,355.67
Coinbase,eth_eur,313.14,1601307248.4637,313.14,0,313.18,0,305.97
Coinbase,btc_usd,10899.55,1601307248.986526,10899.54,0,10899.55,0,10757.04
Coinbase,eth_usd,364.33,1601307250.462426,364.32,0,364.33,0,355.67
Coinbase,btc_usd,10899.55,1601307251.843321,10899.54,0,10899.55,0,10757.04
Coinbase,eth_eur,313.15,1601307252.230101,313.14,0,313.15,0,305.97
Coinbase,eth_usd,364.32,1601307252.477581,364.32,0,364.33,0,355.67
Coinbase,eth_usd,364.32,1601307253.532161,364.24,0,364.33,0,355.67
Coinbase,eth_eur,313.14,1601307253.579606,312.89,0,313.15,0,305.97
Coinbase,btc_eur,9368.32,1601307257.247101,9366.36,0,9368.32,0,9249.04
Coinbase,btc_usd,10899.55,1601307257.776565,10899.54,0,10899.55,0,10757.04
Coinbase,btc_usd,10899.55,1601307257.909795,10899.54,0,10899.55,0,10757.04
Coinbase,btc_usd,10899.55,1601307257.911179,10899.54,0,10900.41,0,10757.04
Coinbase,btc_usd,10900.31,1601307257.950387,10899.59,0,10900.31,0,10757.04
Coinbase,btc_usd,10900.32,1601307257.982968,10899.59,0,10900.96,0,10757.04
Coinbase,btc_usd,10900.96,1601307257.985548,10899.59,0,10900.97,0,10757.04
Coinbase,btc_usd,10900.97,1601307257.986745,10899.59,0,10900.97,0,10757.04
Coinbase,btc_usd,10900.4,1601307258.168094,10900.39,0,10900.96,0,10757.04
Coinbase,btc_usd,10900.98,1601307258.254726,10900.97,0,10900.98,0,10757.04
Coinbase,btc_usd,10900.98,1601307258.393734,10900.97,0,10900.98,0,10757.04
Coinbase,btc_usd,10900.98,1601307258.748528,10900.97,0,10900.98,0,10757.04
Coinbase,btc_usd,10900.97,1601307258.955517,10900.97,0,10900.98,0,10757.04
Coinbase,btc_usd,10900.97,1601307258.956697,10900.97,0,10900.98,0,10757.04
Coinbase,btc_usd,10900.98,1601307260.073531,10900.97,0,10900.98,0,10757.04
Coinbase,btc_usd,10900.98,1601307261.304222,10900.97,0,10900.98,0,10757.04
Coinbase,btc_usd,10900.97,1601307261.875225,10900.97,0,10900.98,0,10757.04
Coinbase,btc_usd,10900.98,1601307262.654136,10900.97,0,10900.98,0,10757.04
Coinbase,btc_usd,10900.98,1601307262.994782,10900.97,0,10900.98,0,10757.04
Coinbase,btc_usd,10900.98,1601307262.995314,10900.97,0,10901.76,0,10757.04
Coinbase,btc_usd,10901.76,1601307262.99586,10900.97,0,10901.76,0,10757.04
Coinbase,btc_usd,10901.76,1601307264.739,10901.75,0,10901.76,0,10757.04
Coinbase,btc_usd,10901.75,1601307266.929845,10901.75,0,10901.76,0,10757.04
Coinbase,btc_usd,10901.75,1601307266.930402,10901.75,0,10901.76,0,10757.04
Coinbase,eth_eur,313.12,1601307267.170262,313.06,0,313.12,0,305.97
Coinbase,btc_eur,9368.04,1601307267.427801,9368.03,0,9370.31,0,9249.04
Coinbase,btc_eur,9368.03,1601307267.42836,9368.03,0,9370.31,0,9249.04
Coinbase,btc_usd,10901.76,1601307268.024189,10901.75,0,10901.76,0,10757.04
Coinbase,btc_usd,10901.75,1601307268.365852,10901.75,0,10901.76,0,10757.04
Coinbase,btc_usd,10901.76,1601307274.170284,10901.75,0,10901.76,0,10757.04
Coinbase,btc_usd,10901.76,1601307274.170821,10901.75,0,10901.76,0,10757.04
Coinbase,btc_usd,10901.76,1601307274.171172,10901.75,0,10903.47,0,10757.04
Coinbase,btc_usd,10903.47,1601307274.171838,10901.75,0,10903.48,0,10757.04
Coinbase,btc_usd,10903.48,1601307274.1725,10901.75,0,10903.48,0,10757.04
Coinbase,btc_usd,10903.48,1601307275.202325,10903.47,0,10903.48,0,10757.04
Coinbase,eth_eur,312.9,1601307276.716342,312.9,0,313.08,0,305.97
Coinbase,eth_eur,313.08,1601307278.011268,312.9,0,313.08,0,305.97
Coinbase,eth_usd,364.28,1601307278.219161,364.27,0,364.28,0,355.67
Coinbase,btc_usd,10903.48,1601307278.719623,10903.47,0,10903.48,0,10757.04
Coinbase,eth_usd,364.29,1601307280.198541,364.28,0,364.29,0,355.67
Coinbase,eth_usd,364.29,1601307280.969285,364.28,0,364.29,0,355.67
Coinbase,eth_usd,364.39,1601307281.457275,364.39,0,364.42,0,355.67
Coinbase,btc_usd,10903.48,1601307281.480055,10903.47,0,10903.48,0,10757.04
Coinbase,btc_eur,9371.02,1601307281.848036,9368.75,0,9371.02,0,9249.04
Coinbase,eth_eur,313.17,1601307282.891089,313.05,0,313.17,0,305.97
Coinbase,btc_eur,9371.02,1601307282.922897,9368.87,0,9371.02,0,9249.04
Coinbase,eth_eur,313.17,1601307285.423452,313.04,0,313.17,0,305.97
Coinbase,btc_eur,9371.51,1601307285.563047,9368.93,0,9371.51,0,9249.04
Coinbase,eth_eur,313.17,1601307286.112702,312.99,0,313.17,0,305.97
Coinbase,btc_eur,9371.51,1601307287.922595,9369.09,0,9371.51,0,9249.04
Coinbase,btc_eur,9371.51,1601307287.994422,9369.1,0,9371.51,0,9249.04
Coinbase,btc_usd,10903.47,1601307289.658248,10903.47,0,10903.48,0,10757.04
Coinbase,btc_usd,10903.47,1601307289.984313,10903.47,0,10903.48,0,10757.04
Coinbase,btc_eur,9371.51,1601307290.711994,9369.63,0,9371.51,0,9249.04
Coinbase,eth_usd,364.32,1601307291.123058,364.31,0,364.32,0,355.67
Coinbase,btc_usd,10903.47,1601307291.661036,10903.47,0,10903.48,0,10757.04
Coinbase,btc_usd,10903.48,1601307292.837342,10903.47,0,10903.48,0,10757.04
Coinbase,btc_eur,9369.63,1601307294.221812,9369.62,0,9372.66,0,9249.04
Coinbase,btc_eur,9369.62,1601307294.222603,9369.62,0,9372.66,0,9249.04
Coinbase,btc_usd,10903.48,1601307294.680519,10903.47,0,10903.48,0,10757.04
Coinbase,eth_usd,364.32,1601307296.226022,364.31,0,364.32,0,355.67
Coinbase,eth_usd,364.31,1601307297.922467,364.31,0,364.32,0,355.67
Coinbase,btc_eur,9372.63,1601307298.276922,9369.65,0,9372.63,0,9249.04
Coinbase,btc_usd,10903.47,1601307298.484984,10903.47,0,10903.48,0,10757.04
Coinbase,btc_eur,9370.99,1601307298.735479,9369.65,0,9370.99,0,9249.04
Coinbase,eth_usd,364.32,1601307299.229093,364.31,0,364.32,0,355.67
Coinbase,btc_usd,10903.48,1601307299.981218,10903.47,0,10903.48,0,10757.04
Coinbase,btc_usd,10903.48,1601307299.982218,10903.47,0,10903.48,0,10757.04
Coinbase,btc_eur,9369.65,1601307300.745815,9369.64,0,9371.0,0,9249.04
Coinbase,btc_eur,9369.64,1601307300.751116,9369.62,0,9371.0,0,9249.04
Coinbase,btc_eur,9369.62,1601307300.751457,9369.62,0,9371.0,0,9249.04
Coinbase,btc_usd,10903.48,1601307300.761131,10903.47,0,10903.48,0,10757.04
Coinbase,btc_usd,10903.48,1601307300.761494,10903.47,0,10903.48,0,10757.04
Coinbase,btc_usd,10903.47,1601307300.810816,10903.47,0,10903.48,0,10757.04
Coinbase,btc_usd,10903.47,1601307301.512777,10903.47,0,10903.48,0,10757.04
Coinbase,btc_usd,10903.48,1601307301.789762,10903.47,0,10903.48,0,10757.04
Coinbase,btc_eur,9369.65,1601307302.507297,9369.64,0,9370.99,0,9249.04
Coinbase,btc_eur,9369.64,1601307302.509683,9369.62,0,9370.99,0,9249.04
Coinbase,btc_eur,9369.62,1601307302.510181,9369.62,0,9370.99,0,9249.04
Coinbase,eth_usd,364.32,1601307302.785203,364.31,0,364.32,0,355.67
Coinbase,btc_usd,10903.47,1601307303.212155,10903.47,0,10903.48,0,10757.04
Coinbase,btc_usd,10903.47,1601307303.212589,10903.47,0,10903.48,0,10757.04
Coinbase,btc_usd,10903.47,1601307303.212933,10903.47,0,10903.48,0,10757.04
Coinbase,btc_usd,10903.47,1601307303.213276,10903.47,0,10903.48,0,10757.04
Coinbase,btc_usd,10903.47,1601307303.213621,10903.46,0,10903.48,0,10757.04
Coinbase,btc_usd,10903.46,1601307303.221245,10903.45,0,10903.48,0,10757.04
Coinbase,btc_usd,10903.45,1601307303.22818,10903.45,0,10903.48,0,10757.04
Coinbase,btc_usd,10902.17,1601307303.484656,10902.17,0,10902.89,0,10757.04
Coinbase,btc_usd,10902.17,1601307303.528525,10902.17,0,10902.88,0,10757.04
Coinbase,btc_eur,9368.59,1601307303.538603,9368.59,0,9370.96,0,9249.04
Coinbase,btc_usd,10902.17,1601307303.596045,10901.6,0,10902.18,0,10757.04
Coinbase,btc_usd,10901.6,1601307303.596404,10901.51,0,10902.18,0,10757.04
Coinbase,btc_usd,10901.51,1601307303.599347,10901.51,0,10902.18,0,10757.04
Coinbase,btc_eur,9370.89,1601307303.786617,9368.32,0,9370.89,0,9249.04
Coinbase,btc_usd,10899.93,1601307303.892318,10899.66,0,10899.93,0,10757.04
Coinbase,btc_usd,10901.05,1601307305.525233,10899.77,0,10901.05,0,10757.04
Coinbase,btc_usd,10900.51,1601307306.302138,10900.51,0,10901.99,0,10757.04
Coinbase,btc_usd,10901.37,1601307306.806948,10900.51,0,10901.37,0,10757.04
Coinbase,eth_usd,364.2,1601307308.08101,364.19,0,364.2,0,355.67
Coinbase,eth_usd,364.2,1601307308.091956,364.19,0,364.27,0,355.67
Coinbase,eth_usd,364.26,1601307308.869952,364.26,0,364.27,0,355.67
Coinbase,btc_usd,10902.18,1601307309.042026,10901.11,0,10902.18,0,10757.04
Coinbase,btc_usd,10901.75,1601307310.112395,10901.74,0,10901.75,0,10757.04
Coinbase,eth_usd,364.27,1601307310.32804,364.26,0,364.4,0,355.67
Coinbase,btc_usd,10902.21,1601307310.50397,10902.2,0,10902.21,0,10757.04
Coinbase,btc_usd,10902.48,1601307310.98829,10902.47,0,10902.48,0,10757.04
Coinbase,eth_usd,364.4,1601307311.811704,364.39,0,364.4,0,355.67
Coinbase,btc_eur,9370.11,1601307311.864915,9368.39,0,9370.11,0,9249.04
Coinbase,btc_usd,10902.99,1601307312.241887,10902.98,0,10902.99,0,10757.04
Coinbase,btc_usd,10902.99,1601307312.261808,10902.98,0,10902.99,0,10757.04
Coinbase,btc_usd,10902.99,1601307313.105831,10902.98,0,10902.99,0,10757.04
Coinbase,btc_usd,10903.48,1601307313.353799,10903.47,0,10903.48,0,10757.04
Coinbase,eth_usd,364.39,1601307313.372146,364.39,0,364.4,0,355.67
Coinbase,eth_usd,364.4,1601307313.431557,364.39,0,364.51,0,355.67
Coinbase,btc_usd,10903.47,1601307315.09127,10903.47,0,10903.48,0,10757.04
Coinbase,btc_usd,10903.48,1601307317.431416,10903.47,0,10903.48,0,10757.04
Coinbase,btc_usd,10903.48,1601307318.358119,10903.47,0,10903.48,0,10757.04
Coinbase,eth_eur,312.99,1601307318.576642,312.99,0,313.18,0,305.97
Coinbase,btc_eur,9370.21,1601307318.653466,9368.19,0,9371.0,0,9249.04
Coinbase,btc_eur,9371,1601307318.655943,9368.19,0,9371.0,0,9249.04
Coinbase,btc_eur,9370.98,1601307319.192685,9370.11,0,9370.98,0,9249.04
Coinbase,btc_usd,10903.47,1601307319.530412,10903.47,0,10903.48,0,10757.04
Coinbase,btc_usd,10903.47,1601307319.530987,10903.47,0,10903.48,0,10757.04
Coinbase,btc_usd,10903.48,1601307319.777129,10903.47,0,10903.48,0,10757.04
Coinbase,btc_usd,10903.48,1601307320.037247,10903.47,0,10903.48,0,10757.04
Coinbase,eth_eur,313.01,1601307326.674436,313.01,0,313.23,0,305.97
Coinbase,eth_eur,313.03,1601307327.16718,313.03,0,313.23,0,305.97
Coinbase,btc_eur,9370.98,1601307327.276049,9370.11,0,9370.98,0,9249.04
Coinbase,btc_usd,10903.47,1601307327.639253,10903.47,0,10903.48,0,10757.04
Coinbase,btc_usd,10903.47,1601307327.639749,10903.47,0,10903.48,0,10757.04
Coinbase,btc_usd,10903.47,1601307327.641067,10903.47,0,10903.48,0,10757.04
Coinbase,btc_usd,10903.47,1601307329.665291,10903.47,0,10903.48,0,10757.04
Coinbase,btc_usd,10903.48,1601307330.885253,10903.47,0,10903.48,0,10757.04
Coinbase,eth_eur,313.23,1601307332.234896,313.03,0,313.23,0,305.97
Coinbase,btc_usd,10903.48,1601307332.640284,10903.47,0,10903.48,0,10757.04
Coinbase,btc_usd,10903.48,1601307335.278407,10903.47,0,10903.48,0,10757.04
Coinbase,eth_eur,313.05,1601307335.611532,313.05,0,313.22,0,305.97
Coinbase,btc_eur,9370.11,1601307336.210396,9370.11,0,9370.75,0,9249.04
Coinbase,btc_usd,10903.48,1601307337.476681,10903.47,0,10904.08,0,10757.04
Coinbase,eth_eur,313.24,1601307338.103127,313.05,0,313.24,0,305.97
Coinbase,eth_eur,313.24,1601307339.740048,313.12,0,313.24,0,305.97
Coinbase,eth_eur,313.14,1601307340.352464,313.13,0,313.24,0,305.97
Coinbase,eth_eur,313.13,1601307340.353001,313.13,0,313.24,0,305.97
Coinbase,btc_eur,9370.75,1601307342.233781,9370.11,0,9370.75,0,9249.04
Coinbase,btc_usd,10904.08,1601307343.666711,10904.07,0,10904.08,0,10757.04
Coinbase,btc_eur,9370.99,1601307346.425583,9370.12,0,9370.99,0,9249.04
Coinbase,btc_eur,9370.99,1601307350.884007,9370.12,0,9370.99,0,9249.04
Coinbase,btc_eur,9370.99,1601307350.884522,9370.12,0,9370.99,0,9249.04
Coinbase,eth_eur,313.24,1601307351.523724,313.18,0,313.24,0,305.97
Coinbase,eth_eur,313.24,1601307352.472961,313.18,0,313.32,0,305.97
Coinbase,eth_eur,313.32,1601307352.475261,313.18,0,313.32,0,305.97
Coinbase,btc_usd,10904.21,1601307352.989367,10904.2,0,10904.21,0,10757.04
Coinbase,btc_usd,10904.21,1601307355.146537,10904.2,0,10904.21,0,10757.04
Coinbase,btc_eur,9370.12,1601307355.792905,9370.11,0,9370.99,0,9249.04
Coinbase,btc_eur,9370.11,1601307355.793436,9370.11,0,9370.99,0,9249.04
Coinbase,eth_eur,313.27,1601307357.401099,313.27,0,313.39,0,305.97
Coinbase,btc_eur,9370.99,1601307357.401626,9370.13,0,9370.99,0,9249.04
Coinbase,btc_usd,10904.2,1601307357.885958,10904.2,0,10904.21,0,10757.04
Coinbase,btc_usd,10904.21,1601307357.92885,10904.2,0,10904.21,0,10757.04
Coinbase,eth_usd,364.57,1601307358.592224,364.57,0,364.58,0,355.67
Coinbase,btc_usd,10904.2,1601307359.388597,10904.2,0,10904.21,0,10757.04
Coinbase,btc_eur,9370.13,1601307362.008183,9370.11,0,9370.99,0,9249.04
Coinbase,btc_eur,9370.11,1601307362.008761,9368.81,0,9370.99,0,9249.04
Coinbase,btc_eur,9368.81,1601307362.009873,9368.81,0,9370.99,0,9249.04
Coinbase,eth_usd,364.58,1601307362.676708,364.57,0,364.74,0,355.67
Coinbase,btc_usd,10904.2,1601307362.892975,10904.2,0,10904.21,0,10757.04
Coinbase,eth_usd,364.69,1601307362.908605,364.69,0,364.86,0,355.67
Coinbase,btc_usd,10904.2,1601307363.010533,10904.2,0,10904.21,0,10757.04
Coinbase,btc_usd,10904.21,1601307363.143853,10904.2,0,10904.21,0,10757.04
Coinbase,btc_usd,10904.21,1601307363.855596,10904.2,0,10904.21,0,10757.04
Coinbase,btc_usd,10904.21,1601307363.857274,10904.2,0,10904.21,0,10757.04
Coinbase,btc_usd,10904.21,1601307363.926039,10904.2,0,10904.21,0,10757.04
Coinbase,btc_usd,10904.21,1601307363.926886,10904.2,0,10904.21,0,10757.04
Coinbase,btc_usd,10904.2,1601307364.602335,10904.2,0,10904.21,0,10757.04
Coinbase,eth_usd,364.84,1601307364.810499,364.83,0,364.84,0,355.67
Coinbase,btc_usd,10904.21,1601307365.218905,10904.2,0,10904.21,0,10757.04
Coinbase,btc_eur,9370.99,1601307366.637384,9369.35,0,9370.99,0,9249.04
Coinbase,btc_usd,10904.21,1601307367.088356,10904.2,0,10904.21,0,10757.04
Coinbase,btc_usd,10904.21,1601307367.434967,10904.2,0,10904.21,0,10757.04
Coinbase,btc_usd,10904.2,1601307368.047513,10904.2,0,10904.21,0,10757.04
Coinbase,btc_usd,10904.2,1601307368.478545,10904.2,0,10904.21,0,10757.04
Coinbase,eth_usd,364.86,1601307368.742093,364.85,0,364.87,0,355.67
Coinbase,eth_usd,364.87,1601307368.742631,364.85,0,364.88,0,355.67
Coinbase,eth_usd,364.88,1601307368.743009,364.85,0,364.89,0,355.67
Coinbase,eth_usd,364.89,1601307368.743368,364.85,0,364.9,0,355.67
Coinbase,eth_usd,364.9,1601307368.743721,364.85,0,364.91,0,355.67
Coinbase,eth_usd,364.91,1601307368.744083,364.85,0,364.91,0,355.67
Coinbase,eth_usd,364.91,1601307368.744438,364.85,0,364.91,0,355.67
Coinbase,btc_usd,10904.21,1601307369.626667,10904.2,0,10904.21,0,10757.04
Coinbase,btc_eur,9369.35,1601307370.127389,9368.88,0,9370.99,0,9249.04
Coinbase,btc_eur,9368.88,1601307370.127864,9368.88,0,9370.99,0,9249.04
Coinbase,btc_usd,10904.21,1601307370.69959,10904.2,0,10904.21,0,10757.04
Coinbase,btc_usd,10904.2,1601307370.893653,10904.2,0,10904.21,0,10757.04
Coinbase,eth_usd,364.85,1601307371.418738,364.84,0,364.88,0,355.67
Coinbase,eth_usd,364.88,1601307371.420732,364.84,0,364.88,0,355.67
Coinbase,btc_usd,10904.2,1601307372.397006,10904.2,0,10904.21,0,10757.04
Coinbase,btc_eur,9370.99,1601307374.277122,9368.95,0,9370.99,0,9249.04
Coinbase,btc_usd,10904.2,1601307374.470128,10904.2,0,10904.21,0,10757.04
Coinbase,eth_usd,364.92,1601307375.369416,364.86,0,364.92,0,355.67
Coinbase,eth_usd,364.92,1601307375.371235,364.86,0,364.92,0,355.67
Coinbase,btc_usd,10904.21,1601307375.592311,10904.2,0,10904.21,0,10757.04
Coinbase,btc_eur,9369.82,1601307376.200972,9368.95,0,9370.99,0,9249.04
Coinbase,btc_eur,9368.95,1601307376.203977,9368.95,0,9370.99,0,9249.04
Coinbase,btc_usd,10904.2,1601307376.984969,10904.2,0,10904.21,0,10757.04
Coinbase,eth_eur,313.42,1601307376.990055,313.42,0,313.6,0,305.97
Coinbase,eth_usd,364.92,1601307377.688654,364.92,0,364.93,0,355.67
Coinbase,eth_usd,364.92,1601307377.689257,364.92,0,364.93,0,355.67
Coinbase,eth_usd,364.92,1601307377.693491,364.92,0,364.93,0,355.67
Coinbase,eth_usd,364.92,1601307377.69388,364.92,0,364.93,0,355.67
Coinbase,eth_usd,364.92,1601307377.694323,364.92,0,364.93,0,355.67
Coinbase,eth_usd,364.92,1601307377.694682,364.91,0,364.93,0,355.67
Coinbase,eth_usd,364.91,1601307377.697897,364.91,0,364.93,0,355.67
Coinbase,btc_usd,10904.2,1601307378.383254,10904.2,0,10904.21,0,10757.04
Coinbase,btc_usd,10904.2,1601307378.383842,10904.2,0,10904.21,0,10757.04
Coinbase,btc_usd,10904.2,1601307379.018883,10904.2,0,10904.21,0,10757.04
Coinbase,btc_usd,10904.2,1601307379.019737,10904.2,0,10904.21,0,10757.04
Coinbase,btc_usd,10904.21,1601307379.235669,10904.2,0,10904.21,0,10757.04
Coinbase,btc_usd,10904.2,1601307379.405445,10904.2,0,10904.21,0,10757.04
Coinbase,btc_usd,10904.21,1601307380.699964,10904.2,0,10904.21,0,10757.04
Coinbase,btc_usd,10904.21,1601307384.673516,10904.2,0,10904.21,0,10757.04
Coinbase,eth_usd,364.92,1601307385.658936,364.92,0,364.93,0,355.67
Coinbase,eth_usd,364.92,1601307385.663707,364.92,0,364.93,0,355.67
Coinbase,btc_usd,10904.21,1601307385.934109,10904.2,0,10904.21,0,10757.04
Coinbase,btc_usd,10904.21,1601307386.671282,10904.2,0,10904.21,0,10757.04
Coinbase,btc_usd,10904.21,1601307387.389789,10904.2,0,10904.21,0,10757.04
Coinbase,btc_usd,10904.2,1601307388.597466,10904.2,0,10904.21,0,10757.04
Coinbase,btc_usd,10904.2,1601307389.843369,10904.2,0,10904.21,0,10757.04
Coinbase,btc_usd,10904.21,1601307389.980959,10904.2,0,10904.21,0,10757.04
Coinbase,btc_usd,10904.21,1601307390.76641,10904.2,0,10904.21,0,10757.04
Coinbase,btc_usd,10904.21,1601307390.76698,10904.2,0,10904.21,0,10757.04
Coinbase,eth_usd,364.93,1601307391.226599,364.92,0,365.01,0,355.67
Coinbase,eth_usd,365.01,1601307391.227131,364.92,0,365.01,0,355.67
Coinbase,btc_usd,10904.2,1601307391.227495,10904.2,0,10904.21,0,10757.04
Coinbase,eth_usd,364.99,1601307393.878587,364.93,0,364.99,0,355.67
Coinbase,btc_eur,9370.96,1601307394.122999,9368.91,0,9370.96,0,9249.04
Coinbase,btc_usd,10904.21,1601307394.644006,10904.2,0,10904.21,0,10757.04
Coinbase,btc_usd,10904.21,1601307394.802779,10904.2,0,10904.21,0,10757.04
Coinbase,btc_eur,9370.96,1601307396.644817,9368.37,0,9370.96,0,9249.04
Coinbase,btc_eur,9368.99,1601307396.972626,9368.99,0,9370.96,0,9249.04
Coinbase,eth_eur,313.51,1601307397.091449,313.51,0,313.6,0,305.97
Coinbase,eth_usd,365,1601307397.17572,364.95,0,365.0,0,355.67
Coinbase,btc_usd,10904.2,1601307398.196294,10904.2,0,10904.21,0,10757.04
Coinbase,btc_usd,10904.2,1601307398.196825,10904.2,0,10904.21,0,10757.04
Coinbase,btc_usd,10904.2,1601307398.198597,10904.2,0,10904.21,0,10757.04
Coinbase,btc_usd,10904.21,1601307399.11134,10904.2,0,10904.21,0,10757.04
Coinbase,eth_usd,364.91,1601307399.409526,364.91,0,364.95,0,355.67
Coinbase,eth_usd,364.97,1601307399.861461,364.91,0,364.97,0,355.67
Coinbase,btc_usd,10904.21,1601307400.131362,10904.2,0,10904.21,0,10757.04
Coinbase,eth_usd,364.92,1601307401.970765,364.92,0,364.98,0,355.67
Coinbase,eth_usd,364.92,1601307401.97329,364.92,0,364.98,0,355.67
Coinbase,btc_usd,10904.2,1601307403.03796,10904.2,0,10904.21,0,10757.04
Coinbase,btc_usd,10904.21,1601307405.159251,10904.2,0,10904.21,0,10757.04
Coinbase,btc_usd,10904.2,1601307406.40315,10904.2,0,10904.21,0,10757.04
Coinbase,eth_usd,364.79,1601307406.917811,364.79,0,364.84,0,355.67
Coinbase,eth_eur,313.4,1601307407.235632,313.4,0,313.58,0,305.97
Coinbase,btc_usd,10904.21,1601307407.941297,10904.2,0,10904.21,0,10757.04
Coinbase,btc_usd,10904.2,1601307409.454915,10904.2,0,10904.21,0,10757.04
Coinbase,btc_eur,9370.96,1601307409.711937,9369.55,0,9370.96,0,9249.04
Coinbase,eth_usd,364.79,1601307410.630074,364.79,0,364.85,0,355.67
Coinbase,eth_usd,364.79,1601307410.630525,364.79,0,364.85,0,355.67
Coinbase,eth_usd,364.79,1601307410.630865,364.79,0,364.85,0,355.67
Coinbase,btc_eur,9370.96,1601307411.0458,9369.03,0,9370.96,0,9249.04
Coinbase,btc_usd,10904.21,1601307411.615805,10904.2,0,10904.21,0,10757.04
Coinbase,btc_eur,9370.96,1601307411.620258,9369.49,0,9370.98,0,9249.04
Coinbase,btc_eur,9370.98,1601307411.621155,9369.49,0,9370.98,0,9249.04
Coinbase,btc_usd,10904.2,1601307412.238615,10904.2,0,10904.21,0,10757.04
Coinbase,btc_usd,10904.2,1601307412.23911,10904.2,0,10904.21,0,10757.04
Coinbase,btc_usd,10904.2,1601307412.85609,10904.2,0,10904.21,0,10757.04
Coinbase,btc_eur,9369.53,1601307413.071057,9369.53,0,9370.99,0,9249.04
Coinbase,btc_usd,10904.2,1601307413.66474,10904.2,0,10904.21,0,10757.04
Coinbase,btc_usd,10904.2,1601307413.665481,10904.2,0,10904.21,0,10757.04
Coinbase,btc_eur,9370.98,1601307413.899552,9369.53,0,9370.98,0,9249.04
Coinbase,btc_usd,10904.2,1601307414.167571,10904.2,0,10904.21,0,10757.04
Coinbase,btc_usd,10904.21,1601307415.654571,10904.2,0,10904.21,0,10757.04
Coinbase,btc_usd,10904.2,1601307415.894882,10904.2,0,10904.21,0,10757.04
Coinbase,eth_eur,313.4,1601307416.889156,313.4,0,313.44,0,305.97
Coinbase,eth_eur,313.44,1601307417.253696,313.4,0,313.44,0,305.97
Coinbase,eth_eur,313.4,1601307417.466422,313.4,0,313.44,0,305.97
Coinbase,btc_eur,9370.98,1601307418.25869,9369.53,0,9370.98,0,9249.04
Coinbase,eth_usd,364.59,1601307419.461118,364.59,0,364.67,0,355.67
Coinbase,eth_eur,313.4,1601307419.486931,313.4,0,313.43,0,305.97
Coinbase,btc_usd,10904.21,1601307419.630584,10904.2,0,10904.21,0,10757.04
Coinbase,btc_usd,10904.21,1601307419.6356,10904.2,0,10904.21,0,10757.04
Coinbase,btc_usd,10904.29,1601307420.196915,10904.28,0,10904.29,0,10757.04
Coinbase,btc_eur,9370.98,1601307420.719906,9369.54,0,9370.98,0,9249.04
Coinbase,btc_usd,10904.29,1601307421.470187,10904.28,0,10904.29,0,10757.04
Coinbase,eth_usd,364.57,1601307421.733908,364.56,0,364.57,0,355.67
Coinbase,eth_eur,313.4,1601307422.472539,313.25,0,313.41,0,305.97
Coinbase,eth_eur,313.25,1601307422.473088,313.25,0,313.41,0,305.97
Coinbase,btc_usd,10904.29,1601307423.235608,10904.28,0,10904.29,0,10757.04
Coinbase,btc_usd,10904.29,1601307423.756503,10904.28,0,10904.29,0,10757.04
Coinbase,btc_usd,10904.28,1601307423.859163,10904.28,0,10904.29,0,10757.04
Coinbase,btc_usd,10904.28,1601307424.768212,10904.28,0,10904.29,0,10757.04
Coinbase,btc_eur,9369.52,1601307424.943262,9369.52,0,9370.98,0,9249.04
Coinbase,btc_usd,10904.29,1601307425.293265,10904.28,0,10904.29,0,10757.04
Coinbase,btc_eur,9370.98,1601307428.451,9369.53,0,9370.98,0,9249.04
Coinbase,btc_usd,10904.28,1601307428.472486,10904.28,0,10904.29,0,10757.04
Coinbase,btc_usd,10904.28,1601307431.092504,10904.28,0,10904.29,0,10757.04
Coinbase,btc_usd,10904.29,1601307432.491577,10904.28,0,10904.29,0,10757.04
Coinbase,btc_eur,9370.98,1601307433.676875,9369.54,0,9370.98,0,9249.04
Coinbase,btc_usd,10904.28,1601307434.111978,10904.28,0,10904.29,0,10757.04
Coinbase,btc_usd,10904.29,1601307434.827043,10904.28,0,10904.29,0,10757.04
Coinbase,btc_usd,10904.29,1601307436.006541,10904.28,0,10904.29,0,10757.04
Coinbase,eth_eur,313.34,1601307436.119297,313.25,0,313.34,0,305.97
Coinbase,btc_eur,9369.52,1601307437.228836,9369.52,0,9370.99,0,9249.04
Coinbase,btc_usd,10904.29,1601307437.884726,10904.28,0,10904.29,0,10757.04
Coinbase,btc_usd,10904.29,1601307438.156776,10904.28,0,10904.29,0,10757.04
Coinbase,btc_usd,10904.29,1601307438.238618,10904.28,0,10904.29,0,10757.04
Coinbase,btc_usd,10904.29,1601307438.247048,10904.28,0,10904.29,0,10757.04
Coinbase,btc_usd,10904.29,1601307438.306135,10904.28,0,10904.29,0,10757.04
Coinbase,eth_eur,313.22,1601307438.306659,313.22,0,313.47,0,305.97
Coinbase,btc_usd,10904.29,1601307438.471317,10904.28,0,10904.29,0,10757.04
Coinbase,btc_usd,10904.29,1601307438.846777,10904.28,0,10904.29,0,10757.04
Coinbase,btc_usd,10904.29,1601307438.898095,10904.28,0,10904.29,0,10757.04
Coinbase,btc_usd,10904.29,1601307439.530958,10904.28,0,10904.29,0,10757.04
Coinbase,btc_usd,10904.29,1601307440.062382,10904.28,0,10904.29,0,10757.04
Coinbase,eth_usd,364.66,1601307440.407643,364.59,0,364.66,0,355.67
Coinbase,btc_eur,9369.51,1601307440.534395,9369.51,0,9370.99,0,9249.04
Coinbase,btc_usd,10904.28,1601307441.326923,10904.28,0,10904.29,0,10757.04
Coinbase,eth_eur,313.18,1601307445.943393,313.18,0,313.33,0,305.97
Coinbase,eth_eur,313.18,1601307445.943984,313.17,0,313.33,0,305.97
Coinbase,eth_eur,313.17,1601307445.944326,313.17,0,313.33,0,305.97
Coinbase,eth_eur,313.17,1601307445.944679,313.16,0,313.33,0,305.97
Coinbase,eth_eur,313.16,1601307445.945012,313.16,0,313.33,0,305.97
Coinbase,btc_usd,10904.28,1601307446.775184,10904.28,0,10904.29,0,10757.04
Coinbase,btc_usd,10904.28,1601307447.232,10904.28,0,10904.29,0,10757.04
Coinbase,btc_eur,9369.53,1601307448.012029,9369.53,0,9370.99,0,9249.04
Coinbase,btc_eur,9370.99,1601307448.05024,9369.53,0,9370.99,0,9249.04
Coinbase,btc_usd,10904.29,1601307448.095112,10904.28,0,10904.29,0,10757.04
Coinbase,btc_usd,10904.29,1601307448.518278,10904.28,0,10904.29,0,10757.04
Coinbase,eth_usd,364.68,1601307449.596498,364.61,0,364.68,0,355.67
Coinbase,btc_usd,10904.28,1601307449.599993,10904.28,0,10904.29,0,10757.04
Coinbase,eth_eur,313.35,1601307450.431995,313.17,0,313.35,0,305.97
Coinbase,eth_usd,364.74,1601307451.642423,364.67,0,364.75,0,355.67
Coinbase,eth_usd,364.75,1601307451.64709,364.67,0,364.75,0,355.67
Coinbase,btc_usd,10904.28,1601307452.545365,10904.28,0,10904.29,0,10757.04
Coinbase,eth_usd,364.8,1601307454.65618,364.73,0,364.8,0,355.67
Coinbase,eth_usd,364.73,1601307455.517976,364.73,0,364.81,0,355.67
Coinbase,btc_usd,10904.28,1601307456.268718,10904.28,0,10904.29,0,10757.04
Coinbase,btc_usd,10904.29,1601307457.812809,10904.28,0,10904.29,0,10757.04
Coinbase,btc_usd,10904.28,1601307457.852057,10904.28,0,10904.29,0,10757.04
Coinbase,btc_usd,10904.29,1601307460.462046,10904.28,0,10904.29,0,10757.04
Coinbase,btc_usd,10904.28,1601307461.464821,10904.28,0,10904.29,0,10757.04
Coinbase,btc_eur,9370.98,1601307461.832781,9369.51,0,9370.99,0,9249.04
Coinbase,btc_eur,9370.99,1601307461.83593,9369.51,0,9370.99,0,9249.04
Coinbase,btc_usd,10904.28,1601307462.125351,10904.28,0,10904.29,0,10757.04
Coinbase,btc_usd,10904.28,1601307462.125805,10904.28,0,10904.29,0,10757.04
Coinbase,btc_usd,10904.28,1601307462.126172,10904.28,0,10904.29,0,10757.04
Coinbase,btc_usd,10904.28,1601307462.126513,10904.28,0,10904.29,0,10757.04
Coinbase,btc_usd,10904.28,1601307462.126853,10904.28,0,10904.29,0,10757.04
Coinbase,btc_usd,10904.28,1601307462.127683,10904.28,0,10904.29,0,10757.04
Coinbase,btc_usd,10904.28,1601307462.128149,10904.28,0,10904.29,0,10757.04
Coinbase,btc_usd,10904.28,1601307462.128529,10904.28,0,10904.29,0,10757.04
Coinbase,btc_usd,10904.28,1601307462.129499,10904.28,0,10904.29,0,10757.04
Coinbase,btc_usd,10904.28,1601307462.129867,10904.28,0,10904.29,0,10757.04
Coinbase,btc_usd,10904.28,1601307462.138191,10904.28,0,10904.29,0,10757.04
Coinbase,btc_usd,10904.28,1601307462.138604,10904.28,0,10904.29,0,10757.04
Coinbase,btc_usd,10904.28,1601307462.138944,10904.28,0,10904.29,0,10757.04
Coinbase,btc_usd,10904.28,1601307462.233442,10904.28,0,10904.29,0,10757.04
Coinbase,btc_usd,10904.28,1601307462.233897,10904.28,0,10904.29,0,10757.04
Coinbase,btc_usd,10904.28,1601307462.234252,10904.28,0,10904.29,0,10757.04
Coinbase,btc_usd,10904.28,1601307462.234602,10904.21,0,10904.29,0,10757.04
Coinbase,btc_usd,10904.21,1601307462.234952,10904.21,0,10904.29,0,10757.04
Coinbase,btc_eur,9369.53,1601307462.832518,9369.53,0,9370.98,0,9249.04
Coinbase,btc_usd,10904.29,1601307463.198626,10904.28,0,10904.29,0,10757.04
Coinbase,btc_usd,10904.29,1601307463.880542,10904.28,0,10904.29,0,10757.04
Coinbase,eth_usd,364.68,1601307466.208296,364.68,0,364.75,0,355.67
Coinbase,eth_usd,364.6,1601307467.753539,364.59,0,364.6,0,355.67
Coinbase,btc_usd,10904.28,1601307467.970585,10904.28,0,10904.29,0,10757.04
Coinbase,btc_usd,10904.28,1601307467.983282,10904.28,0,10904.29,0,10757.04
Coinbase,btc_usd,10904.28,1601307467.983671,10904.28,0,10904.29,0,10757.04
Coinbase,btc_usd,10904.28,1601307467.984025,10904.09,0,10904.29,0,10757.04
Coinbase,btc_usd,10904.09,1601307467.984378,10904.08,0,10904.29,0,10757.04
Coinbase,btc_usd,10904.08,1601307467.984732,10904.07,0,10904.29,0,10757.04
Coinbase,btc_usd,10904.07,1601307467.985084,10904.07,0,10904.29,0,10757.04
Coinbase,btc_eur,9368.26,1601307468.075117,9368.26,0,9370.87,0,9249.04
Coinbase,eth_usd,364.59,1601307468.210707,364.59,0,364.6,0,355.67
Coinbase,eth_usd,364.59,1601307468.280168,364.5,0,364.6,0,355.67
Coinbase,btc_usd,10904.08,1601307468.617796,10904.07,0,10904.08,0,10757.04
Coinbase,btc_usd,10904.07,1601307470.051392,10904.07,0,10904.08,0,10757.04
Coinbase,btc_eur,9370.04,1601307470.355423,9367.45,0,9370.04,0,9249.04
Coinbase,btc_usd,10903.81,1601307470.524489,10903.81,0,10903.82,0,10757.04
Coinbase,btc_eur,9369.89,1601307471.336189,9367.49,0,9369.89,0,9249.04
Coinbase,btc_eur,9369.87,1601307471.648755,9367.01,0,9369.87,0,9249.04
Coinbase,btc_usd,10903.81,1601307471.828192,10903.81,0,10903.82,0,10757.04
Coinbase,eth_usd,364.45,1601307472.117505,364.45,0,364.49,0,355.67
Coinbase,eth_usd,364.45,1601307472.285355,364.45,0,364.51,0,355.67
Coinbase,btc_usd,10904.28,1601307474.286633,10904.28,0,10904.29,0,10757.04
Coinbase,eth_usd,364.59,1601307475.52718,364.53,0,364.59,0,355.67
Coinbase,btc_usd,10904.28,1601307477.262891,10904.28,0,10904.29,0,10757.04
Coinbase,btc_usd,10904.29,1601307477.572081,10904.28,0,10904.29,0,10757.04
Coinbase,btc_eur,9369.78,1601307477.765052,9368.69,0,9369.95,0,9249.04
Coinbase,btc_eur,9369.95,1601307477.766139,9368.69,0,9369.95,0,9249.04
Coinbase,btc_usd,10904.29,1601307477.81506,10904.28,0,10904.29,0,10757.04
Coinbase,btc_usd,10904.29,1601307477.923393,10904.28,0,10904.29,0,10757.04
Coinbase,btc_eur,9369.95,1601307478.039647,9368.73,0,9369.95,0,9249.04
Coinbase,eth_usd,364.54,1601307478.307161,364.54,0,364.61,0,355.67
Coinbase,btc_usd,10904.28,1601307481.193224,10904.28,0,10904.29,0,10757.04
Coinbase,btc_usd,10904.29,1601307482.546068,10904.28,0,10904.29,0,10757.04
Coinbase,eth_usd,364.57,1601307482.653836,364.52,0,364.57,0,355.67
Coinbase,eth_usd,364.54,1601307483.885531,364.52,0,364.54,0,355.67
Coinbase,eth_usd,364.52,1601307484.016811,364.51,0,364.54,0,355.67
Coinbase,eth_usd,364.51,1601307484.017364,364.51,0,364.54,0,355.67
Coinbase,btc_usd,10904.29,1601307484.017707,10904.28,0,10904.29,0,10757.04
Coinbase,btc_usd,10904.29,1601307485.520505,10904.28,0,10904.29,0,10757.04
Coinbase,eth_usd,364.52,1601307485.726854,364.51,0,364.52,0,355.67
Coinbase,btc_eur,9368.85,1601307485.727294,9368.71,0,9369.95,0,9249.04
Coinbase,btc_eur,9368.71,1601307485.727717,9368.71,0,9369.95,0,9249.04
Coinbase,btc_usd,10904.29,1601307485.927701,10904.28,0,10904.29,0,10757.04
Coinbase,eth_usd,364.51,1601307486.27441,364.51,0,364.57,0,355.67
Coinbase,btc_eur,9369.95,1601307486.796508,9368.74,0,9369.95,0,9249.04
Coinbase,eth_usd,364.38,1601307487.055317,364.37,0,364.38,0,355.67
Coinbase,btc_usd,10904.29,1601307487.883158,10904.28,0,10904.29,0,10757.04
Coinbase,eth_usd,364.38,1601307488.682121,364.37,0,364.38,0,355.67
Coinbase,btc_eur,9370.96,1601307488.937808,9368.73,0,9370.96,0,9249.04
Coinbase,btc_usd,10904.28,1601307489.469089,10904.28,0,10904.29,0,10757.04
Coinbase,btc_usd,10904.28,1601307489.469576,10904.28,0,10904.29,0,10757.04
Coinbase,btc_usd,10904.29,1601307489.890849,10904.28,0,10904.29,0,10757.04
Coinbase,btc_usd,10904.29,1601307491.807076,10904.28,0,10904.29,0,10757.04
Coinbase,btc_usd,10904.29,1601307493.018981,10904.28,0,10904.29,0,10757.04
Coinbase,btc_usd,10904.29,1601307493.607235,10904.28,0,10904.29,0,10757.04
Coinbase,btc_usd,10904.29,1601307495.016889,10904.28,0,10904.29,0,10757.04
Coinbase,btc_eur,9369.61,1601307495.354102,9369.21,0,9370.99,0,9249.04
Coinbase,btc_eur,9369.21,1601307495.35844,9369.21,0,9370.99,0,9249.04
Coinbase,btc_eur,9369.62,1601307497.287876,9369.06,0,9370.99,0,9249.04
Coinbase,btc_eur,9369.06,1601307497.288382,9369.06,0,9370.99,0,9249.04
Coinbase,btc_usd,10904.29,1601307498.498687,10904.28,0,10904.29,0,10757.04
Coinbase,btc_usd,10904.29,1601307498.499187,10904.28,0,10904.74,0,10757.04
Coinbase,btc_usd,10904.7,1601307500.115671,10904.7,0,10904.73,0,10757.04
Coinbase,btc_usd,10904.71,1601307500.846621,10904.7,0,10904.71,0,10757.04
Coinbase,btc_eur,9369.09,1601307500.906973,9369.0,0,9370.98,0,9249.04
Coinbase,btc_eur,9369,1601307500.909987,9369.0,0,9370.98,0,9249.04
Coinbase,eth_eur,313.15,1601307501.523029,313.0,0,313.15,0,305.97
Coinbase,btc_usd,10904.73,1601307501.753405,10904.73,0,10904.74,0,10757.04
Coinbase,btc_usd,10904.74,1601307502.239636,10904.73,0,10904.74,0,10757.04
Coinbase,eth_usd,364.4,1601307502.793214,364.4,0,364.44,0,355.67
Coinbase,btc_usd,10904.73,1601307503.504678,10904.73,0,10904.74,0,10757.04
Coinbase,btc_usd,10904.73,1601307503.505131,10904.73,0,10904.74,0,10757.04
Coinbase,btc_usd,10904.73,1601307503.505642,10904.73,0,10904.74,0,10757.04
Coinbase,btc_usd,10904.73,1601307503.506287,10904.7,0,10904.74,0,10757.04
Coinbase,btc_usd,10904.7,1601307503.506631,10904.4,0,10904.74,0,10757.04
Coinbase,btc_usd,10904.4,1601307503.512846,10904.3,0,10904.74,0,10757.04
Coinbase,btc_usd,10904.3,1601307503.513298,10904.29,0,10904.74,0,10757.04
Coinbase,btc_usd,10904.29,1601307503.516103,10904.29,0,10904.74,0,10757.04
Coinbase,btc_eur,9370.72,1601307505.455012,9369.01,0,9370.72,0,9249.04
Coinbase,btc_eur,9370.7,1601307506.457212,9369.0,0,9370.7,0,9249.04
Coinbase,btc_usd,10904.25,1601307506.46857,10904.24,0,10904.25,0,10757.04
Coinbase,eth_usd,364.46,1601307506.504801,364.45,0,364.51,0,355.67
Coinbase,eth_usd,364.51,1601307506.505162,364.45,0,364.52,0,355.67
Coinbase,eth_usd,364.52,1601307506.508645,364.45,0,364.55,0,355.67
Coinbase,eth_usd,364.55,1601307506.508997,364.45,0,364.56,0,355.67
Coinbase,eth_usd,364.56,1601307506.509344,364.45,0,364.59,0,355.67
Coinbase,eth_usd,364.59,1601307506.524725,364.45,0,364.6,0,355.67
Coinbase,eth_usd,364.6,1601307506.525079,364.45,0,364.63,0,355.67
Coinbase,eth_usd,364.63,1601307506.525415,364.45,0,364.63,0,355.67
Coinbase,eth_eur,313.19,1601307506.786736,313.03,0,313.19,0,305.97
Coinbase,btc_usd,10904.91,1601307508.094127,10904.59,0,10904.91,0,10757.04
Coinbase,eth_usd,364.47,1601307510.03594,364.47,0,364.53,0,355.67
Coinbase,btc_usd,10904.9,1601307510.524096,10904.9,0,10904.91,0,10757.04
Coinbase,eth_usd,364.57,1601307512.407797,364.56,0,364.57,0,355.67
Coinbase,btc_usd,10904.9,1601307512.944481,10904.9,0,10904.91,0,10757.04
Coinbase,btc_usd,10904.9,1601307513.394919,10904.9,0,10904.91,0,10757.04
Coinbase,btc_eur,9370.99,1601307515.317449,9369.66,0,9370.99,0,9249.04
Coinbase,btc_eur,9370.99,1601307517.415992,9369.66,0,9370.99,0,9249.04
Coinbase,btc_usd,10904.91,1601307517.416596,10904.9,0,10904.91,0,10757.04
Coinbase,btc_usd,10904.91,1601307518.309038,10904.9,0,10904.91,0,10757.04
Coinbase,btc_usd,10904.91,1601307518.309619,10904.9,0,10905.0,0,10757.04
Coinbase,btc_usd,10905,1601307518.309978,10904.9,0,10905.87,0,10757.04
Coinbase,btc_usd,10905.87,1601307518.310326,10904.9,0,10906.17,0,10757.04
Coinbase,btc_usd,10906.17,1601307518.310673,10904.9,0,10906.17,0,10757.04
Coinbase,btc_usd,10906.38,1601307518.323643,10904.93,0,10906.38,0,10757.04
Coinbase,btc_usd,10907.6,1601307518.668582,10905.6,0,10907.6,0,10757.04
Coinbase,eth_eur,313.19,1601307518.876839,313.04,0,313.19,0,305.97
Coinbase,btc_usd,10907.02,1601307519.236249,10905.7,0,10907.02,0,10757.04
Coinbase,eth_eur,313.04,1601307520.591273,313.04,0,313.19,0,305.97
Coinbase,btc_usd,10906.28,1601307521.094855,10906.27,0,10906.28,0,10757.04
Coinbase,btc_usd,10906.27,1601307521.318867,10906.27,0,10906.28,0,10757.04
Coinbase,eth_eur,313.19,1601307522.001392,313.04,0,313.19,0,305.97
Coinbase,btc_usd,10906.37,1601307522.403874,10906.28,0,10906.77,0,10757.04
Coinbase,btc_usd,10906.28,1601307522.404407,10906.28,0,10906.77,0,10757.04
Coinbase,btc_usd,10906.27,1601307523.574108,10906.26,0,10906.77,0,10757.04
Coinbase,btc_usd,10906.26,1601307523.574552,10906.26,0,10906.77,0,10757.04
Coinbase,btc_usd,10906.26,1601307523.900635,10906.26,0,10906.76,0,10757.04
Coinbase,eth_usd,364.51,1601307524.876189,364.44,0,364.51,0,355.67
Coinbase,btc_eur,9370.99,1601307525.396628,9369.3,0,9370.99,0,9249.04
Coinbase,btc_usd,10906.26,1601307526.657469,10906.26,0,10906.27,0,10757.04
Coinbase,btc_usd,10906.26,1601307527.149843,10906.26,0,10906.27,0,10757.04
Coinbase,eth_usd,364.45,1601307527.265833,364.45,0,364.58,0,355.67
Coinbase,btc_usd,10907,1601307527.38093,10906.26,0,10907.0,0,10757.04
Coinbase,btc_usd,10906.26,1601307528.371055,10906.26,0,10907.09,0,10757.04
Coinbase,btc_eur,9370.99,1601307530.166508,9369.41,0,9370.99,0,9249.04
Coinbase,btc_usd,10906.81,1601307531.658798,10906.26,0,10906.81,0,10757.04
Coinbase,eth_usd,364.52,1601307531.980149,364.48,0,364.52,0,355.67
Coinbase,btc_usd,10906.26,1601307532.222226,10906.25,0,10907.01,0,10757.04
Coinbase,btc_usd,10906.25,1601307532.222752,10906.25,0,10907.01,0,10757.04
Coinbase,btc_usd,10906.97,1601307534.732336,10906.97,0,10906.98,0,10757.04
Coinbase,btc_usd,10907.21,1601307536.067873,10906.97,0,10907.21,0,10757.04
Coinbase,btc_usd,10906.97,1601307536.291117,10906.28,0,10907.11,0,10757.04
Coinbase,btc_usd,10906.28,1601307536.293679,10906.26,0,10907.11,0,10757.04
Coinbase,btc_usd,10906.26,1601307536.297005,10906.25,0,10907.11,0,10757.04
Coinbase,btc_usd,10906.25,1601307536.297481,10906.25,0,10907.11,0,10757.04
Coinbase,btc_usd,10907.11,1601307536.533379,10906.25,0,10907.11,0,10757.04
Coinbase,eth_usd,364.5,1601307537.72546,364.44,0,364.5,0,355.67
Coinbase,eth_usd,364.5,1601307537.728984,364.44,0,364.5,0,355.67
Coinbase,eth_usd,364.44,1601307537.957092,364.44,0,364.49,0,355.67
Coinbase,btc_usd,10906.25,1601307538.205516,10906.25,0,10907.29,0,10757.04
Coinbase,btc_usd,10907.62,1601307538.481391,10906.25,0,10907.62,0,10757.04
Coinbase,btc_usd,10906.84,1601307538.77457,10906.25,0,10906.84,0,10757.04
Coinbase,btc_usd,10907.18,1601307539.014691,10906.25,0,10907.18,0,10757.04
Coinbase,btc_usd,10906.24,1601307539.497569,10905.0,0,10906.25,0,10757.04
Coinbase,btc_usd,10905,1601307539.498052,10904.99,0,10906.25,0,10757.04
Coinbase,btc_usd,10904.99,1601307539.498401,10904.91,0,10906.25,0,10757.04
Coinbase,btc_usd,10904.91,1601307539.49875,10904.91,0,10906.25,0,10757.04
Coinbase,btc_eur,9370.98,1601307540.241267,9369.0,0,9370.98,0,9249.04
Coinbase,btc_usd,10905.25,1601307540.524968,10905.23,0,10905.71,0,10757.04
Coinbase,btc_usd,10905.23,1601307540.525432,10905.23,0,10905.71,0,10757.04
Coinbase,eth_usd,364.52,1601307542.526121,364.48,0,364.55,0,355.67
Coinbase,eth_usd,364.55,1601307542.526622,364.48,0,364.55,0,355.67
Coinbase,btc_usd,10907.29,1601307543.173585,10905.51,0,10907.29,0,10757.04
Coinbase,btc_usd,10906.32,1601307544.487002,10905.51,0,10906.32,0,10757.04
Coinbase,btc_usd,10905.52,1601307545.283427,10905.51,0,10905.52,0,10757.04
Coinbase,btc_usd,10905.51,1601307546.003556,10905.51,0,10906.56,0,10757.04
Coinbase,eth_usd,364.43,1601307546.978604,364.43,0,364.44,0,355.67
Coinbase,btc_usd,10906.56,1601307548.126057,10905.63,0,10906.56,0,10757.04
Coinbase,btc_usd,10906.36,1601307548.381201,10905.63,0,10906.36,0,10757.04
Coinbase,btc_usd,10906.08,1601307549.844482,10905.59,0,10906.1,0,10757.04
Coinbase,btc_usd,10906.1,1601307549.845258,10905.59,0,10906.1,0,10757.04
Coinbase,eth_eur,313.23,1601307550.432983,313.06,0,313.23,0,305.97
Coinbase,btc_usd,10906.53,1601307551.83791,10905.6,0,10906.53,0,10757.04
Coinbase,btc_eur,9370.83,1601307552.244609,9369.01,0,9370.83,0,9249.04
Coinbase,btc_usd,10906.3,1601307557.414831,10906.3,0,10906.58,0,10757.04
Coinbase,btc_usd,10906.58,1601307557.757141,10906.29,0,10906.58,0,10757.04
Coinbase,btc_usd,10906.5,1601307558.936311,10906.49,0,10906.5,0,10757.04
Coinbase,btc_usd,10906.49,1601307559.058871,10906.49,0,10906.5,0,10757.04
Coinbase,eth_usd,364.56,1601307559.779914,364.5,0,364.56,0,355.67
Coinbase,btc_usd,10907.46,1601307563.380641,10907.23,0,10907.46,0,10757.04
Coinbase,eth_usd,364.61,1601307564.071411,364.53,0,364.61,0,355.67
Coinbase,btc_eur,9370.99,1601307564.83224,9369.08,0,9370.99,0,9249.04
Coinbase,btc_usd,10907.24,1601307566.050993,10907.23,0,10907.24,0,10757.04
Coinbase,btc_eur,9370.99,1601307566.518463,9369.58,0,9370.99,0,9249.04
Coinbase,btc_usd,10907.23,1601307567.162468,10907.23,0,10907.38,0,10757.04
Coinbase,btc_usd,10907.23,1601307567.195084,10907.23,0,10907.24,0,10757.04
Coinbase,eth_eur,313.11,1601307567.376206,313.11,0,313.28,0,305.97
Coinbase,eth_usd,364.6,1601307567.441842,364.52,0,364.6,0,355.67
Coinbase,eth_usd,364.6,1601307567.735494,364.55,0,364.6,0,355.67
Coinbase,eth_usd,364.6,1601307567.763818,364.55,0,364.6,0,355.67
Coinbase,eth_eur,313.28,1601307569.307907,313.1,0,313.28,0,305.97
Coinbase,btc_usd,10907.24,1601307570.052038,10907.23,0,10907.24,0,10757.04
Coinbase,eth_usd,364.6,1601307571.191738,364.55,0,364.6,0,355.67
Coinbase,eth_usd,364.55,1601307571.236713,364.55,0,364.6,0,355.67
Coinbase,btc_usd,10907.23,1601307572.730492,10907.23,0,10907.24,0,10757.04
Coinbase,eth_usd,364.6,1601307572.955279,364.57,0,364.6,0,355.67
Coinbase,btc_usd,10907.23,1601307574.184232,10906.87,0,10907.24,0,10757.04
Coinbase,btc_usd,10906.87,1601307574.187185,10906.87,0,10907.24,0,10757.04
Coinbase,btc_eur,9370.99,1601307576.222096,9369.62,0,9370.99,0,9249.04
Coinbase,eth_eur,313.13,1601307576.898007,313.13,0,313.28,0,305.97
Coinbase,btc_usd,10907.24,1601307578.049295,10906.97,0,10907.25,0,10757.04
Coinbase,btc_usd,10907.25,1601307578.049801,10906.97,0,10907.25,0,10757.04
Coinbase,btc_usd,10906.86,1601307579.237145,10906.86,0,10906.87,0,10757.04
Coinbase,btc_eur,9370.98,1601307580.581125,9369.22,0,9370.98,0,9249.04
Coinbase,btc_usd,10906.87,1601307581.237333,10906.86,0,10906.87,0,10757.04
Coinbase,btc_usd,10906.87,1601307581.471526,10906.86,0,10906.87,0,10757.04
Coinbase,btc_usd,10906.87,1601307582.267487,10906.86,0,10906.87,0,10757.04
Coinbase,eth_usd,364.58,1601307583.338401,364.57,0,364.58,0,355.67
Coinbase,btc_usd,10906.87,1601307584.175809,10906.86,0,10906.87,0,10757.04
Coinbase,btc_usd,10906.87,1601307584.261931,10906.86,0,10906.87,0,10757.04
Coinbase,btc_usd,10906.86,1601307585.191819,10906.86,0,10906.87,0,10757.04
Coinbase,btc_eur,9370.98,1601307585.503717,9369.22,0,9370.99,0,9249.04
Coinbase,btc_eur,9370.99,1601307585.508449,9369.22,0,9371.0,0,9249.04
Coinbase,btc_eur,9371,1601307585.508825,9369.22,0,9371.0,0,9249.04
Coinbase,eth_usd,364.58,1601307586.917644,364.57,0,364.58,0,355.67
Coinbase,btc_usd,10906.86,1601307587.112634,10906.86,0,10906.87,0,10757.04
Coinbase,btc_usd,10907.12,1601307588.966712,10906.37,0,10907.12,0,10757.04
Coinbase,btc_usd,10906.37,1601307589.156832,10906.37,0,10906.82,0,10757.04
Coinbase,btc_usd,10906.37,1601307589.269807,10906.36,0,10906.37,0,10757.04
Coinbase,btc_usd,10906.37,1601307589.270335,10906.36,0,10906.77,0,10757.04
Coinbase,btc_usd,10906.77,1601307589.272417,10906.36,0,10906.78,0,10757.04
Coinbase,btc_usd,10906.78,1601307589.273648,10906.36,0,10906.78,0,10757.04
Coinbase,btc_eur,9370.99,1601307590.249713,9369.42,0,9370.99,0,9249.04
Coinbase,eth_usd,364.58,1601307592.055216,364.57,0,364.58,0,355.67
Coinbase,btc_usd,10906.25,1601307593.307822,10906.24,0,10907.0,0,10757.04
Coinbase,btc_usd,10906.24,1601307593.308671,10906.24,0,10907.0,0,10757.04
Coinbase,btc_usd,10906.24,1601307593.309032,10906.24,0,10907.0,0,10757.04
Coinbase,btc_usd,10906.24,1601307593.310125,10906.2,0,10907.0,0,10757.04
Coinbase,btc_usd,10906.2,1601307593.315541,10906.2,0,10907.0,0,10757.04
Coinbase,btc_usd,10906.83,1601307593.606428,10906.19,0,10906.83,0,10757.04
Coinbase,btc_usd,10906.21,1601307594.310827,10906.21,0,10907.17,0,10757.04
Coinbase,btc_usd,10906.21,1601307594.801306,10906.21,0,10907.17,0,10757.04
Coinbase,btc_usd,10906.24,1601307596.596422,10906.24,0,10907.02,0,10757.04
Coinbase,btc_usd,10906.24,1601307596.598425,10906.24,0,10907.02,0,10757.04
Coinbase,btc_usd,10906.24,1601307596.602299,10906.24,0,10907.02,0,10757.04
Coinbase,btc_usd,10906.25,1601307599.625305,10906.25,0,10907.11,0,10757.04
Coinbase,btc_usd,10906.25,1601307600.879753,10906.25,0,10907.01,0,10757.04
Coinbase,btc_usd,10907.01,1601307601.038614,10906.25,0,10907.01,0,10757.04
Coinbase,btc_eur,9369.42,1601307601.273018,9369.42,0,9370.99,0,9249.04
Coinbase,btc_eur,9369.42,1601307601.305084,9369.42,0,9370.99,0,9249.04
Coinbase,btc_eur,9369.42,1601307602.076457,9369.42,0,9370.99,0,9249.04
Coinbase,btc_eur,9369.42,1601307602.330563,9369.42,0,9370.99,0,9249.04
Coinbase,btc_usd,10906.92,1601307602.341018,10906.25,0,10906.92,0,10757.04
Coinbase,eth_usd,364.58,1601307602.648205,364.57,0,364.58,0,355.67
Coinbase,btc_usd,10906.13,1601307602.658413,10906.13,0,10906.91,0,10757.04
Coinbase,eth_usd,364.57,1601307602.902945,364.57,0,364.58,0,355.67
Coinbase,btc_usd,10907.17,1601307602.909498,10906.19,0,10907.17,0,10757.04
Coinbase,eth_usd,364.57,1601307603.3526,364.57,0,364.58,0,355.67
Coinbase,btc_eur,9370.99,1601307603.435958,9369.42,0,9370.99,0,9249.04
Coinbase,btc_usd,10906.19,1601307604.345142,10906.19,0,10906.92,0,10757.04
Coinbase,eth_usd,364.58,1601307608.41496,364.57,0,364.58,0,355.67
Coinbase,btc_usd,10907,1601307608.42781,10906.2,0,10907.0,0,10757.04
Coinbase,btc_usd,10907,1601307608.712582,10906.19,0,10907.0,0,10757.04
Coinbase,btc_usd,10907.15,1601307609.132979,10906.19,0,10907.15,0,10757.04
Coinbase,btc_usd,10907.11,1601307609.332909,10906.19,0,10907.11,0,10757.04
Coinbase,btc_eur,9369.42,1601307609.877918,9369.42,0,9370.94,0,9249.04
Coinbase,btc_usd,10906.19,1601307610.791978,10906.19,0,10907.01,0,10757.04
Coinbase,btc_usd,10906.14,1601307612.307161,10906.14,0,10907.0,0,10757.04
Coinbase,btc_usd,10906.14,1601307613.178272,10906.14,0,10906.9,0,10757.04
Coinbase,btc_usd,10906.97,1601307615.167314,10906.15,0,10906.97,0,10757.04
Coinbase,btc_usd,10907.06,1601307615.847572,10906.23,0,10907.06,0,10757.04
Coinbase,eth_eur,313.06,1601307616.41414,313.06,0,313.2,0,305.97
Coinbase,eth_usd,364.51,1601307616.938467,364.5,0,364.51,0,355.67
Coinbase,btc_usd,10906.78,1601307617.285739,10906.1,0,10906.78,0,10757.04
Coinbase,btc_usd,10906.69,1601307620.259427,10906.0,0,10906.69,0,10757.04
Coinbase,btc_eur,9369,1601307620.510287,9369.0,0,9370.52,0,9249.04
Coinbase,btc_usd,10906.43,1601307621.310388,10906.02,0,10906.44,0,10757.04
Coinbase,btc_usd,10906.02,1601307621.315044,10906.02,0,10906.44,0,10757.04
Coinbase,btc_eur,9369,1601307628.321018,9368.0,0,9370.39,0,9249.04
Coinbase,btc_eur,9368,1601307628.321531,9368.0,0,9370.39,0,9249.04
Coinbase,btc_eur,9370.57,1601307631.067892,9368.01,0,9370.57,0,9249.04
Coinbase,btc_usd,10906.16,1601307631.387775,10906.16,0,10906.17,0,10757.04
Coinbase,btc_usd,10906.17,1601307631.799078,10906.16,0,10906.98,0,10757.04
Coinbase,btc_usd,10906.98,1601307631.79952,10906.16,0,10906.98,0,10757.04
Coinbase,btc_usd,10907.25,1601307631.848968,10906.29,0,10907.25,0,10757.04
Coinbase,btc_usd,10906.69,1601307633.935704,10906.34,0,10907.16,0,10757.04
Coinbase,btc_usd,10906.34,1601307633.939796,10906.31,0,10907.16,0,10757.04
Coinbase,btc_usd,10906.31,1601307633.940149,10906.31,0,10907.16,0,10757.04
Coinbase,btc_usd,10906.31,1601307633.943221,10906.31,0,10907.16,0,10757.04
Coinbase,btc_usd,10906.31,1601307633.943572,10906.31,0,10907.16,0,10757.04
Coinbase,btc_usd,10906.31,1601307633.944063,10906.31,0,10907.16,0,10757.04
Coinbase,btc_usd,10906.31,1601307633.945429,10906.31,0,10907.16,0,10757.04
Coinbase,btc_usd,10906.31,1601307633.948468,10906.29,0,10907.16,0,10757.04
Coinbase,btc_usd,10906.29,1601307633.948941,10906.29,0,10907.16,0,10757.04
Coinbase,btc_usd,10907.05,1601307634.458577,10906.29,0,10907.05,0,10757.04
Coinbase,eth_usd,364.51,1601307634.713615,364.5,0,364.51,0,355.67
Coinbase,btc_usd,10906.06,1601307634.750913,10906.06,0,10906.81,0,10757.04
Coinbase,btc_usd,10906.7,1601307636.452518,10906.69,0,10906.7,0,10757.04
Coinbase,btc_eur,9370.16,1601307637.502097,9368.25,0,9370.16,0,9249.04
Coinbase,btc_usd,10906.14,1601307638.942149,10906.13,0,10906.14,0,10757.04
Coinbase,btc_eur,9370.24,1601307639.450118,9368.26,0,9370.25,0,9249.04
Coinbase,btc_eur,9370.25,1601307639.451038,9368.26,0,9370.25,0,9249.04
Coinbase,eth_usd,364.5,1601307641.253306,364.5,0,364.51,0,355.67
Coinbase,eth_usd,364.51,1601307641.459968,364.5,0,364.51,0,355.67
Coinbase,btc_usd,10906.14,1601307641.481708,10906.13,0,10906.14,0,10757.04
Coinbase,eth_usd,364.51,1601307641.889953,364.5,0,364.7,0,355.67
Coinbase,btc_usd,10907.25,1601307644.926455,10907.24,0,10907.25,0,10757.04
Coinbase,btc_usd,10907.25,1601307646.693789,10907.24,0,10907.25,0,10757.04
Coinbase,eth_eur,313.18,1601307647.454067,313.18,0,313.33,0,305.97
Coinbase,eth_eur,313.18,1601307647.454604,313.18,0,313.33,0,305.97
Coinbase,btc_eur,9369.88,1601307647.514392,9369.88,0,9370.73,0,9249.04
Coinbase,btc_usd,10907.25,1601307647.987513,10907.24,0,10907.25,0,10757.04
Coinbase,btc_eur,9369.88,1601307648.474991,9369.13,0,9370.73,0,9249.04
Coinbase,btc_eur,9369.13,1601307648.475492,9369.13,0,9370.73,0,9249.04
Coinbase,eth_usd,364.7,1601307649.262138,364.69,0,364.7,0,355.67
Coinbase,btc_eur,9370.73,1601307649.788789,9369.88,0,9370.73,0,9249.04
Coinbase,eth_eur,313.33,1601307650.480261,313.15,0,313.35,0,305.97
Coinbase,eth_eur,313.35,1601307650.480731,313.15,0,313.35,0,305.97
Coinbase,eth_eur,313.35,1601307650.4811,313.15,0,313.35,0,305.97
Coinbase,eth_eur,313.34,1601307650.574591,313.15,0,313.34,0,305.97
Coinbase,eth_eur,313.34,1601307650.612639,313.15,0,313.35,0,305.97
Coinbase,eth_eur,313.35,1601307650.725262,313.15,0,313.39,0,305.97
Coinbase,btc_eur,9370.73,1601307650.759763,9369.88,0,9370.73,0,9249.04
Coinbase,btc_eur,9370.73,1601307650.767029,9369.88,0,9370.74,0,9249.04
Coinbase,btc_eur,9370.74,1601307650.76751,9369.88,0,9370.74,0,9249.04
Coinbase,btc_usd,10907.25,1601307650.859464,10907.24,0,10907.25,0,10757.04
Coinbase,eth_eur,313.39,1601307650.938432,313.15,0,313.4,0,305.97
Coinbase,eth_eur,313.4,1601307651.055896,313.15,0,313.41,0,305.97
Coinbase,eth_usd,364.7,1601307651.67146,364.69,0,364.7,0,355.67
Coinbase,eth_usd,364.7,1601307651.671988,364.69,0,364.75,0,355.67
Coinbase,eth_usd,364.75,1601307651.672335,364.69,0,364.75,0,355.67
Coinbase,eth_eur,313.41,1601307651.903271,313.16,0,313.41,0,305.97
Coinbase,eth_eur,313.38,1601307652.072029,313.16,0,313.41,0,305.97
Coinbase,btc_eur,9370.74,1601307652.0757,9370.65,0,9370.74,0,9249.04
Coinbase,btc_eur,9370.74,1601307652.076826,9370.65,0,9370.74,0,9249.04
Coinbase,btc_eur,9370.94,1601307652.11834,9370.65,0,9370.94,0,9249.04
Coinbase,eth_eur,313.41,1601307652.16118,313.18,0,313.41,0,305.97
Coinbase,eth_eur,313.41,1601307652.161901,313.18,0,313.41,0,305.97
Coinbase,eth_eur,313.41,1601307652.2098,313.19,0,313.42,0,305.97
Coinbase,eth_eur,313.42,1601307652.210308,313.19,0,313.42,0,305.97
Coinbase,eth_eur,313.42,1601307652.230328,313.19,0,313.43,0,305.97
Coinbase,eth_eur,313.43,1601307652.230715,313.19,0,313.43,0,305.97
Coinbase,eth_eur,313.43,1601307652.291701,313.19,0,313.45,0,305.97
Coinbase,eth_eur,313.45,1601307652.292073,313.19,0,313.47,0,305.97
Coinbase,eth_eur,313.47,1601307652.292433,313.19,0,313.47,0,305.97
Coinbase,eth_eur,313.47,1601307652.292778,313.19,0,313.47,0,305.97
Coinbase,eth_eur,313.46,1601307652.341946,313.19,0,313.46,0,305.97
Coinbase,btc_usd,10907.25,1601307652.383614,10907.24,0,10907.25,0,10757.04
Coinbase,eth_eur,313.46,1601307652.400905,313.2,0,313.47,0,305.97
Coinbase,eth_eur,313.47,1601307652.437557,313.2,0,313.47,0,305.97
Coinbase,eth_eur,313.47,1601307652.464414,313.2,0,313.49,0,305.97
Coinbase,eth_eur,313.49,1601307652.464805,313.2,0,313.51,0,305.97
Coinbase,eth_eur,313.51,1601307652.465147,313.2,0,313.51,0,305.97
Coinbase,eth_eur,313.51,1601307652.510074,313.2,0,313.51,0,305.97
Coinbase,btc_eur,9371,1601307652.643026,9370.65,0,9374.33,0,9249.04
Coinbase,btc_eur,9374.33,1601307652.643411,9370.65,0,9374.34,0,9249.04
Coinbase,btc_eur,9374.34,1601307652.645208,9370.65,0,9374.37,0,9249.04
Coinbase,btc_eur,9374.37,1601307652.645573,9370.65,0,9374.67,0,9249.04
Coinbase,btc_eur,9374.67,1601307652.645932,9370.65,0,9374.95,0,9249.04
Coinbase,btc_eur,9374.95,1601307652.650129,9370.65,0,9374.99,0,9249.04
Coinbase,eth_eur,313.5,1601307652.650484,313.25,0,313.5,0,305.97
Coinbase,btc_eur,9374.99,1601307652.650847,9370.65,0,9375.0,0,9249.04
Coinbase,btc_eur,9375,1601307652.651193,9370.65,0,9375.0,0,9249.04
Coinbase,btc_eur,9375,1601307652.656511,9370.65,0,9375.55,0,9249.04
Coinbase,btc_eur,9375.55,1601307652.656872,9370.65,0,9375.91,0,9249.04
Coinbase,btc_eur,9375.91,1601307652.657218,9370.65,0,9376.0,0,9249.04
Coinbase,btc_eur,9376,1601307652.657564,9370.65,0,9376.57,0,9249.04
Coinbase,btc_eur,9376.57,1601307652.657908,9370.65,0,9376.57,0,9249.04
Coinbase,btc_usd,10907.25,1601307652.904961,10907.24,0,10907.25,0,10757.04
Coinbase,btc_usd,10907.25,1601307653.021622,10907.24,0,10907.25,0,10757.04
Coinbase,btc_usd,10907.25,1601307654.363745,10907.24,0,10907.25,0,10757.04
Coinbase,btc_usd,10907.25,1601307655.028294,10907.24,0,10907.25,0,10757.04
Coinbase,btc_usd,10907.25,1601307655.279859,10907.24,0,10907.25,0,10757.04
Coinbase,btc_usd,10907.25,1601307655.942995,10907.24,0,10907.25,0,10757.04
Coinbase,btc_usd,10907.24,1601307656.215156,10907.24,0,10907.25,0,10757.04
Coinbase,btc_usd,10907.24,1601307656.215574,10907.24,0,10907.25,0,10757.04
Coinbase,eth_usd,364.75,1601307656.647275,364.74,0,364.75,0,355.67
Coinbase,btc_usd,10907.25,1601307656.717284,10907.24,0,10907.25,0,10757.04
Coinbase,btc_usd,10907.25,1601307657.044875,10907.24,0,10907.25,0,10757.04
Coinbase,btc_eur,9372.76,1601307657.998946,9372.76,0,9375.21,0,9249.04
Coinbase,btc_usd,10907.25,1601307658.997968,10907.24,0,10907.25,0,10757.04
Coinbase,eth_usd,364.75,1601307659.101229,364.74,0,364.75,0,355.67
Coinbase,btc_usd,10907.25,1601307659.315756,10907.24,0,10907.25,0,10757.04
Coinbase,btc_usd,10907.25,1601307660.023589,10907.24,0,10907.25,0,10757.04
Coinbase,btc_eur,9375.21,1601307660.785193,9373.22,0,9375.21,0,9249.04
Coinbase,btc_usd,10907.24,1601307660.967056,10907.24,0,10907.25,0,10757.04
Coinbase,eth_usd,364.75,1601307661.53975,364.74,0,364.75,0,355.67
Coinbase,btc_usd,10907.25,1601307662.062652,10907.24,0,10907.25,0,10757.04
Coinbase,eth_usd,364.74,1601307662.290466,364.74,0,364.75,0,355.67
Coinbase,btc_usd,10907.25,1601307663.307992,10907.24,0,10907.25,0,10757.04
Coinbase,btc_usd,10907.25,1601307663.95661,10907.24,0,10907.25,0,10757.04
Coinbase,btc_usd,10907.25,1601307663.958691,10907.24,0,10907.25,0,10757.04
Coinbase,btc_usd,10907.25,1601307664.007144,10907.24,0,10907.25,0,10757.04
Coinbase,btc_usd,10907.25,1601307664.010398,10907.24,0,10907.25,0,10757.04
Coinbase,btc_usd,10907.25,1601307664.010759,10907.24,0,10908.15,0,10757.04
Coinbase,btc_usd,10908.15,1601307664.478767,10908.14,0,10908.15,0,10757.04
Coinbase,eth_usd,364.74,1601307665.215512,364.74,0,364.75,0,355.67
Coinbase,eth_usd,364.75,1601307665.415954,364.74,0,364.75,0,355.67
Coinbase,btc_usd,10908.15,1601307665.416436,10908.14,0,10908.15,0,10757.04
Coinbase,eth_eur,313.51,1601307665.540282,313.35,0,313.51,0,305.97
Coinbase,btc_usd,10908.15,1601307667.140208,10908.14,0,10908.15,0,10757.04
Coinbase,btc_usd,10908.15,1601307668.811354,10908.14,0,10908.15,0,10757.04
Coinbase,btc_usd,10908.15,1601307669.642477,10908.14,0,10908.15,0,10757.04
Coinbase,btc_eur,9376.14,1601307670.45183,9373.04,0,9376.14,0,9249.04
Coinbase,btc_usd,10908.14,1601307671.118121,10908.14,0,10908.15,0,10757.04
Coinbase,btc_usd,10908.14,1601307671.118704,10908.14,0,10908.15,0,10757.04
Coinbase,btc_usd,10908.14,1601307671.120809,10908.14,0,10908.15,0,10757.04
Coinbase,btc_usd,10908.14,1601307671.121182,10908.14,0,10908.15,0,10757.04
Coinbase,btc_usd,10908.15,1601307672.62259,10908.14,0,10908.15,0,10757.04
Coinbase,btc_usd,10908.14,1601307673.516155,10908.14,0,10908.15,0,10757.04
Coinbase,eth_eur,313.33,1601307673.815305,313.33,0,313.46,0,305.97
Coinbase,btc_eur,9373.04,1601307674.404096,9373.04,0,9376.15,0,9249.04
Coinbase,btc_usd,10908.15,1601307675.119006,10908.14,0,10908.15,0,10757.04
Coinbase,eth_usd,364.75,1601307675.323156,364.74,0,364.75,0,355.67
Coinbase,eth_eur,313.25,1601307675.561429,313.25,0,313.42,0,305.97
Coinbase,eth_eur,313.25,1601307675.562004,313.24,0,313.42,0,305.97
Coinbase,eth_eur,313.24,1601307675.562379,313.24,0,313.42,0,305.97
Coinbase,btc_eur,9376.14,1601307676.168364,9373.04,0,9376.15,0,9249.04
Coinbase,btc_eur,9376.15,1601307676.168934,9373.04,0,9376.15,0,9249.04
Coinbase,btc_usd,10908.14,1601307676.174585,10908.14,0,10908.15,0,10757.04
Coinbase,btc_usd,10908.15,1601307676.964323,10908.14,0,10908.15,0,10757.04
Coinbase,btc_eur,9375.02,1601307677.285284,9375.02,0,9376.15,0,9249.04
Coinbase,btc_usd,10908.15,1601307678.473513,10908.14,0,10908.15,0,10757.04
Coinbase,eth_eur,313.31,1601307678.488257,313.31,0,313.45,0,305.97
Coinbase,btc_usd,10908.14,1601307679.475921,10908.14,0,10908.15,0,10757.04
Coinbase,eth_usd,364.74,1601307680.22344,364.74,0,364.75,0,355.67
Coinbase,btc_usd,10908.14,1601307680.88268,10908.14,0,10908.15,0,10757.04
Coinbase,btc_eur,9376.15,1601307682.09427,9375.02,0,9376.15,0,9249.04
Coinbase,btc_usd,10908.15,1601307682.625771,10908.14,0,10908.15,0,10757.04
Coinbase,btc_usd,10908.15,1601307683.340808,10908.14,0,10908.15,0,10757.04
Coinbase,btc_usd,10908.15,1601307684.174012,10908.14,0,10908.15,0,10757.04
Coinbase,eth_eur,313.33,1601307684.407738,313.33,0,313.43,0,305.97
Coinbase,eth_usd,364.74,1601307686.100729,364.74,0,364.75,0,355.67
Coinbase,btc_usd,10908.15,1601307686.175921,10908.14,0,10908.15,0,10757.04
Coinbase,btc_usd,10908.15,1601307688.552232,10908.14,0,10908.15,0,10757.04
Coinbase,btc_usd,10908.15,1601307688.843901,10908.14,0,10908.15,0,10757.04
Coinbase,btc_usd,10908.15,1601307689.195557,10908.14,0,10908.15,0,10757.04
Coinbase,eth_usd,364.75,1601307689.900808,364.74,0,364.75,0,355.67
Coinbase,eth_usd,364.74,1601307690.595586,364.74,0,364.75,0,355.67
Coinbase,btc_usd,10908.14,1601307691.071846,10908.14,0,10908.15,0,10757.04
Coinbase,btc_usd,10908.15,1601307691.17322,10908.14,0,10908.15,0,10757.04
Coinbase,btc_usd,10908.15,1601307691.17859,10908.14,0,10910.17,0,10757.04
Coinbase,eth_eur,313.35,1601307692.715544,313.35,0,313.41,0,305.97
Coinbase,btc_usd,10910.2,1601307692.727495,10910.19,0,10910.2,0,10757.04
Coinbase,btc_usd,10910.19,1601307693.886389,10910.19,0,10910.2,0,10757.04
Coinbase,btc_usd,10910.19,1601307693.889741,10910.19,0,10910.2,0,10757.04
Coinbase,eth_eur,313.35,1601307694.440075,313.35,0,313.41,0,305.97
Coinbase,btc_usd,10910.2,1601307696.229955,10910.19,0,10910.2,0,10757.04
Coinbase,btc_usd,10910.19,1601307696.703791,10910.19,0,10910.2,0,10757.04
Coinbase,btc_usd,10910.2,1601307696.963364,10910.19,0,10910.2,0,10757.04
Coinbase,eth_usd,364.75,1601307697.61796,364.74,0,364.75,0,355.67
Coinbase,eth_usd,364.75,1601307697.87984,364.74,0,364.86,0,355.67
Coinbase,eth_usd,364.89,1601307697.98305,364.85,0,364.89,0,355.67
Coinbase,eth_usd,364.89,1601307698.099494,364.89,0,364.9,0,355.67
Coinbase,eth_usd,364.9,1601307699.336662,364.85,0,364.9,0,355.67
Coinbase,btc_usd,10910.2,1601307699.592474,10910.19,0,10910.2,0,10757.04
Coinbase,eth_usd,364.89,1601307699.841045,364.85,0,364.89,0,355.67
Coinbase,btc_usd,10910.19,1601307703.230596,10910.19,0,10910.2,0,10757.04
Coinbase,btc_eur,9374.01,1601307704.322911,9374.01,0,9375.0,0,9249.04
Coinbase,btc_usd,10911.06,1601307704.584979,10910.99,0,10911.06,0,10757.04
Coinbase,eth_eur,313.4,1601307704.675869,313.4,0,313.48,0,305.97
Coinbase,btc_usd,10911.05,1601307705.336296,10911.05,0,10911.06,0,10757.04
Coinbase,eth_usd,364.94,1601307705.342496,364.87,0,364.94,0,355.67
Coinbase,btc_usd,10911.06,1601307705.398175,10911.05,0,10911.06,0,10757.04
Coinbase,btc_usd,10911.05,1601307705.778221,10911.05,0,10911.06,0,10757.04
Coinbase,btc_usd,10911.06,1601307706.01338,10911.05,0,10911.06,0,10757.04
Coinbase,btc_usd,10911.06,1601307706.03567,10911.05,0,10911.06,0,10757.04
Coinbase,btc_usd,10911.06,1601307706.265988,10911.05,0,10911.06,0,10757.04
Coinbase,btc_usd,10911.05,1601307707.437871,10911.05,0,10911.06,0,10757.04
Coinbase,btc_usd,10911.05,1601307707.43844,10911.05,0,10911.06,0,10757.04
Coinbase,btc_usd,10911.05,1601307707.438791,10911.05,0,10911.06,0,10757.04
Coinbase,btc_usd,10911.05,1601307707.439467,10911.05,0,10911.06,0,10757.04
Coinbase,btc_usd,10911.05,1601307707.439818,10911.05,0,10911.06,0,10757.04
Coinbase,btc_usd,10913.15,1601307708.014238,10911.05,0,10913.15,0,10757.04
Coinbase,btc_usd,10912.19,1601307708.182189,10912.1,0,10912.63,0,10757.04
Coinbase,btc_usd,10912.1,1601307708.182681,10911.99,0,10912.63,0,10757.04
Coinbase,btc_usd,10911.99,1601307708.183058,10911.99,0,10912.63,0,10757.04
Coinbase,eth_usd,364.94,1601307708.902097,364.93,0,365.06,0,355.67
Coinbase,btc_usd,10912.03,1601307709.581479,10912.02,0,10912.03,0,10757.04
Coinbase,eth_eur,313.48,1601307709.617414,313.48,0,313.59,0,305.97
Coinbase,btc_eur,9375.71,1601307709.789812,9374.01,0,9375.71,0,9249.04
Coinbase,btc_usd,10912.03,1601307709.821299,10912.03,0,10913.05,0,10757.04
Coinbase,eth_usd,365,1601307711.239172,365.0,0,365.04,0,355.67
Coinbase,btc_usd,10912.25,1601307711.552955,10912.25,0,10912.26,0,10757.04
Coinbase,eth_usd,365.07,1601307715.656463,364.99,0,365.07,0,355.67
Coinbase,eth_usd,365.07,1601307715.65697,364.99,0,365.07,0,355.67
Coinbase,btc_usd,10912.43,1601307715.921132,10912.24,0,10912.44,0,10757.04
Coinbase,btc_usd,10912.24,1601307715.922862,10912.23,0,10912.44,0,10757.04
Coinbase,btc_usd,10912.23,1601307715.923218,10912.23,0,10912.44,0,10757.04
Coinbase,btc_usd,10912.99,1601307716.828909,10912.12,0,10912.99,0,10757.04
Coinbase,btc_usd,10912.12,1601307717.03488,10912.12,0,10912.76,0,10757.04
Coinbase,btc_usd,10912.1,1601307717.899479,10912.1,0,10912.86,0,10757.04
Coinbase,btc_usd,10912.66,1601307717.969627,10912.1,0,10912.66,0,10757.04
Coinbase,btc_usd,10912.11,1601307718.084049,10912.1,0,10912.11,0,10757.04
Coinbase,btc_eur,9375.85,1601307718.746215,9375.01,0,9375.85,0,9249.04
Coinbase,eth_eur,313.49,1601307718.769647,313.48,0,313.58,0,305.97
Coinbase,eth_eur,313.48,1601307718.770118,313.48,0,313.58,0,305.97
Coinbase,eth_eur,313.48,1601307718.770478,313.47,0,313.58,0,305.97
Coinbase,eth_eur,313.47,1601307718.770835,313.47,0,313.58,0,305.97
Coinbase,btc_usd,10912.29,1601307720.964175,10912.1,0,10912.3,0,10757.04
Coinbase,btc_usd,10912.1,1601307720.964739,10911.05,0,10912.3,0,10757.04
Coinbase,btc_usd,10911.05,1601307720.965106,10911.05,0,10912.3,0,10757.04
Coinbase,eth_usd,364.95,1601307721.24059,364.91,0,364.95,0,355.67
Coinbase,btc_usd,10911.21,1601307722.344985,10911.21,0,10912.97,0,10757.04
Coinbase,btc_usd,10911.6,1601307722.869759,10911.21,0,10912.72,0,10757.04
Coinbase,btc_usd,10911.21,1601307722.870289,10911.21,0,10912.72,0,10757.04
Coinbase,eth_usd,364.9,1601307722.899966,364.9,0,364.93,0,355.67
Coinbase,eth_usd,364.9,1601307723.831226,364.73,0,364.91,0,355.67
Coinbase,btc_eur,9375,1601307723.857576,9373.05,0,9375.69,0,9249.04
Coinbase,btc_usd,10911.06,1601307723.893612,10910.14,0,10911.07,0,10757.04
Coinbase,btc_usd,10910.14,1601307723.895607,10908.74,0,10911.07,0,10757.04
Coinbase,btc_usd,10909.31,1601307723.970111,10909.31,0,10910.52,0,10757.04
Coinbase,btc_usd,10908.16,1601307724.393418,10908.15,0,10908.16,0,10757.04
Coinbase,eth_usd,364.74,1601307724.994104,364.68,0,364.75,0,355.67
Coinbase,eth_usd,364.75,1601307724.994547,364.68,0,364.76,0,355.67
Coinbase,eth_usd,364.76,1601307724.99489,364.68,0,364.76,0,355.67
Coinbase,btc_usd,10908.15,1601307725.396977,10908.15,0,10908.8,0,10757.04
Coinbase,btc_eur,9373.31,1601307726.72388,9370.67,0,9373.31,0,9249.04
Coinbase,btc_usd,10908.7,1601307727.3719,10908.43,0,10908.7,0,10757.04
Coinbase,btc_usd,10908.7,1601307727.664969,10908.43,0,10908.7,0,10757.04
Coinbase,btc_usd,10908.44,1601307727.765506,10908.43,0,10908.44,0,10757.04
Coinbase,eth_eur,313.37,1601307728.04867,313.31,0,313.37,0,305.97
Coinbase,eth_usd,364.71,1601307730.564073,364.69,0,364.72,0,355.67
Coinbase,eth_usd,364.69,1601307730.565575,364.69,0,364.72,0,355.67
Coinbase,btc_usd,10908.43,1601307730.769288,10908.43,0,10908.44,0,10757.04
Coinbase,btc_usd,10908.44,1601307730.9904,10908.43,0,10908.44,0,10757.04
Coinbase,btc_usd,10908.43,1601307733.395283,10908.43,0,10908.44,0,10757.04
Coinbase,btc_usd,10908.43,1601307733.397326,10908.43,0,10908.44,0,10757.04
Coinbase,btc_eur,9370.74,1601307735.174854,9370.74,0,9372.45,0,9249.04
Coinbase,eth_eur,313.23,1601307735.394642,313.23,0,313.32,0,305.97
Coinbase,eth_eur,313.23,1601307736.427575,313.23,0,313.33,0,305.97
Coinbase,btc_usd,10908.16,1601307736.757678,10908.15,0,10908.16,0,10757.04
Coinbase,btc_usd,10908.15,1601307737.358742,10907.22,0,10908.16,0,10757.04
Coinbase,btc_usd,10907.22,1601307737.359293,10907.22,0,10908.16,0,10757.04
Coinbase,eth_usd,364.68,1601307737.514953,364.68,0,364.69,0,355.67
Coinbase,btc_usd,10906.02,1601307741.099091,10906.01,0,10906.02,0,10757.04
Coinbase,btc_usd,10906.59,1601307742.535858,10906.58,0,10906.59,0,10757.04
Coinbase,btc_usd,10906.58,1601307742.748676,10906.58,0,10906.59,0,10757.04
Coinbase,eth_eur,313.31,1601307742.868642,313.23,0,313.31,0,305.97
Coinbase,eth_eur,313.33,1601307743.119857,313.25,0,313.33,0,305.97
Coinbase,btc_usd,10907.23,1601307744.373494,10906.64,0,10907.23,0,10757.04
Coinbase,btc_eur,9370.96,1601307747.29546,9370.01,0,9370.96,0,9249.04
Coinbase,btc_usd,10906.21,1601307747.494415,10906.2,0,10906.21,0,10757.04
Coinbase,eth_usd,364.69,1601307747.571024,364.68,0,364.69,0,355.67
Coinbase,btc_usd,10906.2,1601307748.126851,10906.01,0,10906.21,0,10757.04
Coinbase,btc_usd,10906.01,1601307748.128957,10906.0,0,10906.21,0,10757.04
Coinbase,btc_usd,10906,1601307748.129387,10906.0,0,10906.21,0,10757.04
Coinbase,btc_usd,10906,1601307748.337473,10906.0,0,10906.01,0,10757.04
Coinbase,btc_usd,10906.01,1601307748.8136,10906.0,0,10906.01,0,10757.04
Coinbase,eth_usd,364.69,1601307749.288376,364.68,0,364.69,0,355.67
Coinbase,eth_usd,364.69,1601307749.667659,364.68,0,364.69,0,355.67
Coinbase,eth_eur,313.27,1601307752.017509,313.23,0,313.27,0,305.97
Coinbase,eth_eur,313.27,1601307752.356662,313.23,0,313.27,0,305.97
Coinbase,btc_usd,10906,1601307752.460261,10906.0,0,10906.01,0,10757.04
Coinbase,btc_usd,10906,1601307752.95192,10906.0,0,10906.01,0,10757.04
