Plateforme,Asset,Quote,Datetime,Bid,BidAmount,Ask,AskAmount,OpenInterest
Coinbase,eth_usd,352.76,1601466154.83768,352.75,0,352.76,0,357.59
Coinbase,eth_eur,301.92,1601466154.83861,301.92,0,301.93,0,306.29
Coinbase,btc_eur,9134.24,1601466154.839068,9134.24,0,9136.4,0,9211.76
Coinbase,btc_usd,10676.66,1601466154.839512,10676.66,0,10677.59,0,10757.19
Coinbase,eth_eur,301.93,1601466156.624008,301.92,0,301.93,0,306.29
Coinbase,btc_usd,10677.78,1601466156.788588,10676.78,0,10677.78,0,10757.19
Coinbase,btc_usd,10677.66,1601466156.840342,10676.8,0,10677.66,0,10757.19
Coinbase,btc_usd,10677.71,1601466157.019597,10676.86,0,10677.96,0,10757.19
Coinbase,btc_usd,10677.96,1601466157.02012,10676.86,0,10678.0,0,10757.19
Coinbase,btc_usd,10678.0,1601466157.020561,10676.86,0,10678.0,0,10757.19
Coinbase,btc_eur,9136.12,1601466158.860341,9134.66,0,9136.12,0,9211.76
Coinbase,eth_eur,301.93,1601466160.4646,301.92,0,301.93,0,306.29
Coinbase,eth_usd,352.81,1601466162.157978,352.75,0,352.81,0,357.59
Coinbase,eth_eur,301.93,1601466162.175772,301.92,0,301.93,0,306.29
Coinbase,btc_eur,9136.04,1601466162.665113,9134.28,0,9136.04,0,9211.76
Coinbase,eth_usd,352.8,1601466163.143376,352.78,0,352.8,0,357.59
Coinbase,btc_usd,10677.97,1601466164.315669,10677.96,0,10677.97,0,10757.19
Coinbase,eth_usd,352.77,1601466169.19025,352.77,0,352.81,0,357.59
Coinbase,eth_eur,301.93,1601466169.708394,301.92,0,301.93,0,306.29
Coinbase,btc_usd,10677.97,1601466170.747399,10677.96,0,10677.97,0,10757.19
Coinbase,btc_eur,9135.9,1601466170.926887,9134.05,0,9135.9,0,9211.76
Coinbase,btc_usd,10677.96,1601466171.462585,10677.96,0,10677.97,0,10757.19
Coinbase,btc_eur,9135.82,1601466171.709767,9134.06,0,9135.82,0,9211.76
Coinbase,eth_usd,352.76,1601466171.73822,352.69,0,352.83,0,357.59
Coinbase,eth_usd,352.69,1601466171.739471,352.69,0,352.83,0,357.59
Coinbase,eth_usd,352.69,1601466171.740876,352.68,0,352.83,0,357.59
Coinbase,eth_usd,352.68,1601466171.745427,352.67,0,352.83,0,357.59
Coinbase,eth_usd,352.67,1601466171.745904,352.57,0,352.83,0,357.59
Coinbase,eth_usd,352.57,1601466171.746344,352.55,0,352.83,0,357.59
Coinbase,eth_usd,352.55,1601466171.746783,352.53,0,352.83,0,357.59
Coinbase,eth_usd,352.53,1601466171.747983,352.53,0,352.83,0,357.59
Coinbase,eth_usd,352.53,1601466171.748428,352.52,0,352.83,0,357.59
Coinbase,eth_usd,352.52,1601466171.748875,352.52,0,352.83,0,357.59
Coinbase,eth_usd,352.52,1601466171.81923,352.48,0,352.83,0,357.59
Coinbase,eth_usd,352.48,1601466171.819754,352.48,0,352.83,0,357.59
Coinbase,eth_usd,352.48,1601466171.820219,352.47,0,352.83,0,357.59
Coinbase,eth_usd,352.47,1601466171.82067,352.46,0,352.83,0,357.59
Coinbase,eth_usd,352.46,1601466171.821118,352.44,0,352.83,0,357.59
Coinbase,eth_usd,352.44,1601466171.821568,352.43,0,352.83,0,357.59
Coinbase,eth_usd,352.43,1601466171.822033,352.41,0,352.83,0,357.59
Coinbase,eth_usd,352.41,1601466171.848071,352.41,0,352.83,0,357.59
Coinbase,eth_usd,352.41,1601466171.848538,352.38,0,352.83,0,357.59
Coinbase,eth_usd,352.38,1601466171.849017,352.35,0,352.83,0,357.59
Coinbase,eth_usd,352.35,1601466171.8495,352.34,0,352.83,0,357.59
Coinbase,eth_usd,352.34,1601466171.849954,352.32,0,352.83,0,357.59
Coinbase,eth_usd,352.32,1601466171.850437,352.31,0,352.83,0,357.59
Coinbase,eth_usd,352.31,1601466171.850895,352.31,0,352.83,0,357.59
Coinbase,btc_usd,10676.4,1601466177.667129,10676.4,0,10677.61,0,10757.19
Coinbase,btc_eur,9135.6,1601466178.024005,9134.08,0,9135.6,0,9211.76
Coinbase,btc_usd,10676.9,1601466181.726649,10676.9,0,10677.73,0,10757.19
Coinbase,eth_usd,352.7,1601466181.931086,352.65,0,352.7,0,357.59
Coinbase,btc_usd,10677.7,1601466181.974032,10676.84,0,10677.7,0,10757.19
Coinbase,btc_usd,10677.7,1601466181.977615,10676.84,0,10677.7,0,10757.19
Coinbase,btc_usd,10677.7,1601466181.978089,10676.84,0,10677.7,0,10757.19
Coinbase,btc_usd,10677.7,1601466182.025736,10676.84,0,10677.7,0,10757.19
Coinbase,btc_usd,10677.7,1601466182.0262,10676.84,0,10677.7,0,10757.19
Coinbase,eth_eur,301.92,1601466185.363862,301.9,0,301.93,0,306.29
Coinbase,eth_eur,301.9,1601466185.364411,301.9,0,301.93,0,306.29
Coinbase,eth_eur,301.9,1601466185.365224,301.81,0,301.93,0,306.29
Coinbase,eth_usd,352.59,1601466185.365688,352.58,0,352.59,0,357.59
Coinbase,eth_usd,352.59,1601466185.366137,352.58,0,352.59,0,357.59
Coinbase,eth_usd,352.59,1601466185.437915,352.58,0,352.59,0,357.59
Coinbase,btc_usd,10677.21,1601466186.934751,10676.15,0,10677.21,0,10757.19
Coinbase,btc_eur,9135.5,1601466190.171351,9134.15,0,9136.41,0,9211.76
Coinbase,btc_eur,9136.41,1601466190.172782,9134.15,0,9136.41,0,9211.76
Coinbase,btc_usd,10677.63,1601466190.199987,10676.78,0,10677.63,0,10757.19
Coinbase,btc_eur,9134.16,1601466190.211963,9134.16,0,9136.41,0,9211.76
Coinbase,btc_eur,9138.61,1601466191.266136,9134.28,0,9138.61,0,9211.76
Coinbase,btc_usd,10677.27,1601466191.807657,10675.14,0,10677.27,0,10757.19
Coinbase,btc_usd,10677.28,1601466192.399625,10676.56,0,10677.28,0,10757.19
Coinbase,btc_usd,10677.28,1601466192.525001,10676.62,0,10677.28,0,10757.19
Coinbase,btc_usd,10677.28,1601466193.476899,10676.64,0,10677.28,0,10757.19
Coinbase,btc_eur,9138.36,1601466193.575362,9134.36,0,9138.36,0,9211.76
Coinbase,eth_usd,352.59,1601466194.055883,352.58,0,352.59,0,357.59
Coinbase,btc_eur,9138.21,1601466195.993288,9134.42,0,9138.25,0,9211.76
Coinbase,btc_eur,9138.25,1601466195.99383,9134.42,0,9138.71,0,9211.76
Coinbase,btc_eur,9138.71,1601466195.994278,9134.42,0,9139.23,0,9211.76
Coinbase,btc_eur,9139.23,1601466195.994724,9134.42,0,9139.23,0,9211.76
Coinbase,eth_usd,352.64,1601466196.784346,352.58,0,352.64,0,357.59
Coinbase,btc_eur,9134.96,1601466199.050777,9134.96,0,9139.96,0,9211.76
Coinbase,btc_usd,10676.43,1601466202.994214,10676.43,0,10677.56,0,10757.19
Coinbase,eth_usd,352.5,1601466205.476893,352.45,0,352.5,0,357.59
Coinbase,eth_usd,352.67,1601466207.480249,352.66,0,352.67,0,357.59
Coinbase,btc_usd,10677.29,1601466207.795478,10676.56,0,10677.29,0,10757.19
Coinbase,btc_usd,10677.29,1601466208.593158,10676.75,0,10677.29,0,10757.19
Coinbase,eth_eur,301.83,1601466210.325161,301.83,0,301.87,0,306.29
Coinbase,eth_usd,352.65,1601466210.84339,352.62,0,352.65,0,357.59
Coinbase,btc_usd,10677.51,1601466211.676488,10676.44,0,10677.51,0,10757.19
Coinbase,btc_eur,9138.55,1601466212.866605,9135.22,0,9138.55,0,9211.76
Coinbase,btc_eur,9135.24,1601466213.840192,9135.24,0,9140.91,0,9211.76
Coinbase,btc_usd,10677.76,1601466214.037832,10677.75,0,10677.76,0,10757.19
Coinbase,btc_eur,9135.28,1601466215.552128,9135.28,0,9140.6,0,9211.76
Coinbase,btc_eur,9140.58,1601466215.618701,9135.28,0,9140.58,0,9211.76
Coinbase,btc_usd,10677.76,1601466215.827979,10677.75,0,10677.76,0,10757.19
Coinbase,btc_usd,10677.76,1601466216.088422,10677.75,0,10679.83,0,10757.19
Coinbase,btc_usd,10679.83,1601466216.089586,10677.75,0,10679.83,0,10757.19
Coinbase,eth_usd,352.79,1601466217.136802,352.79,0,352.8,0,357.59
Coinbase,btc_eur,9140.99,1601466221.644812,9135.44,0,9141.0,0,9211.76
Coinbase,btc_eur,9141.0,1601466221.655465,9135.44,0,9141.02,0,9211.76
Coinbase,btc_eur,9141.02,1601466221.655954,9135.44,0,9141.02,0,9211.76
Coinbase,eth_usd,352.8,1601466222.732622,352.79,0,352.8,0,357.59
Coinbase,btc_usd,10677.56,1601466223.459258,10677.56,0,10678.61,0,10757.19
Coinbase,btc_usd,10678.49,1601466224.125924,10677.56,0,10678.49,0,10757.19
Coinbase,eth_usd,352.79,1601466224.886079,352.79,0,352.8,0,357.59
Coinbase,btc_usd,10678.73,1601466226.128245,10677.85,0,10678.73,0,10757.19
Coinbase,btc_usd,10678.87,1601466228.716265,10677.77,0,10678.87,0,10757.19
Coinbase,btc_usd,10678.53,1601466231.551425,10678.03,0,10678.53,0,10757.19
Coinbase,btc_usd,10678.53,1601466231.580806,10678.03,0,10678.53,0,10757.19
Coinbase,btc_eur,9135.96,1601466232.279434,9135.96,0,9140.64,0,9211.76
Coinbase,eth_usd,352.8,1601466232.637327,352.79,0,352.8,0,357.59
Coinbase,btc_usd,10678.8,1601466233.097071,10678.65,0,10678.8,0,10757.19
Coinbase,btc_usd,10677.15,1601466234.042627,10677.15,0,10678.61,0,10757.19
Coinbase,btc_usd,10677.22,1601466236.03434,10677.22,0,10677.66,0,10757.19
Coinbase,eth_usd,352.8,1601466236.235506,352.79,0,352.8,0,357.59
Coinbase,btc_usd,10678.54,1601466238.710432,10677.25,0,10678.54,0,10757.19
Coinbase,btc_usd,10677.47,1601466240.343496,10677.47,0,10678.21,0,10757.19
Coinbase,btc_eur,9136.0,1601466240.366591,9136.0,0,9138.83,0,9211.76
Coinbase,btc_eur,9136.0,1601466242.064461,9136.0,0,9138.69,0,9211.76
Coinbase,btc_eur,9136.0,1601466242.542106,9136.0,0,9138.67,0,9211.76
Coinbase,btc_eur,9136.0,1601466242.756844,9136.0,0,9138.65,0,9211.76
Coinbase,eth_usd,352.8,1601466244.048467,352.79,0,352.8,0,357.59
Coinbase,eth_eur,301.81,1601466244.394508,301.8,0,301.82,0,306.29
Coinbase,eth_eur,301.8,1601466244.395127,301.8,0,301.82,0,306.29
Coinbase,btc_usd,10678.25,1601466247.620761,10677.0,0,10678.25,0,10757.19
Coinbase,eth_eur,301.82,1601466254.00997,301.8,0,301.82,0,306.29
Coinbase,btc_usd,10678.07,1601466255.422483,10677.47,0,10678.07,0,10757.19
Coinbase,btc_usd,10678.04,1601466256.269108,10677.54,0,10678.04,0,10757.19
Coinbase,btc_eur,9137.95,1601466258.6801,9136.1,0,9137.95,0,9211.76
Coinbase,btc_eur,9137.95,1601466258.725707,9136.1,0,9137.95,0,9211.76
Coinbase,btc_usd,10677.87,1601466259.355277,10676.21,0,10677.87,0,10757.19
Coinbase,btc_eur,9136.1,1601466259.815722,9136.1,0,9137.95,0,9211.76
Coinbase,btc_eur,9137.93,1601466260.814796,9136.12,0,9137.94,0,9211.76
Coinbase,btc_eur,9137.94,1601466260.815437,9136.12,0,9137.94,0,9211.76
Coinbase,btc_usd,10679.07,1601466261.369968,10678.54,0,10679.07,0,10757.19
Coinbase,eth_usd,352.8,1601466261.743474,352.79,0,352.8,0,357.59
Coinbase,btc_eur,9136.28,1601466261.994391,9136.28,0,9141.04,0,9211.76
Coinbase,btc_eur,9141.04,1601466262.231485,9136.28,0,9141.04,0,9211.76
Coinbase,btc_usd,10678.68,1601466262.627871,10678.68,0,10678.69,0,10757.19
Coinbase,btc_usd,10678.68,1601466262.628388,10678.68,0,10678.69,0,10757.19
Coinbase,btc_usd,10678.68,1601466262.628844,10678.68,0,10678.69,0,10757.19
Coinbase,btc_usd,10678.68,1601466262.629335,10678.15,0,10678.69,0,10757.19
Coinbase,btc_usd,10678.15,1601466262.629811,10678.14,0,10678.69,0,10757.19
Coinbase,btc_usd,10678.14,1601466262.63028,10677.35,0,10678.69,0,10757.19
Coinbase,btc_usd,10677.35,1601466262.631643,10677.1,0,10678.69,0,10757.19
Coinbase,btc_usd,10677.1,1601466262.632113,10677.0,0,10678.69,0,10757.19
Coinbase,btc_usd,10677.0,1601466262.63257,10675.53,0,10678.69,0,10757.19
Coinbase,btc_usd,10675.53,1601466262.633016,10675.53,0,10678.69,0,10757.19
Coinbase,btc_usd,10677.48,1601466262.692065,10677.28,0,10677.48,0,10757.19
Coinbase,btc_usd,10678.41,1601466264.166572,10678.14,0,10678.41,0,10757.19
Coinbase,btc_usd,10678.4,1601466264.203622,10678.14,0,10678.4,0,10757.19
Coinbase,eth_eur,301.8,1601466265.092008,301.8,0,301.9,0,306.29
Coinbase,btc_eur,9140.78,1601466265.327361,9136.38,0,9140.78,0,9211.76
Coinbase,btc_usd,10678.51,1601466267.352149,10678.5,0,10678.51,0,10757.19
Coinbase,btc_usd,10678.51,1601466269.465626,10678.5,0,10678.51,0,10757.19
Coinbase,btc_usd,10678.51,1601466269.498629,10678.5,0,10678.51,0,10757.19
Coinbase,btc_usd,10678.51,1601466269.544549,10678.5,0,10678.51,0,10757.19
Coinbase,btc_eur,9140.62,1601466269.73336,9136.38,0,9140.62,0,9211.76
Coinbase,btc_usd,10678.51,1601466269.872984,10678.5,0,10678.51,0,10757.19
Coinbase,eth_usd,352.8,1601466270.140706,352.79,0,352.8,0,357.59
Coinbase,btc_usd,10678.5,1601466271.160361,10678.5,0,10678.51,0,10757.19
Coinbase,btc_usd,10678.26,1601466271.364021,10678.25,0,10678.26,0,10757.19
Coinbase,btc_usd,10678.1,1601466272.562194,10677.48,0,10678.1,0,10757.19
Coinbase,eth_eur,301.86,1601466273.705915,301.8,0,301.86,0,306.29
Coinbase,eth_eur,301.86,1601466273.706507,301.8,0,301.86,0,306.29
Coinbase,btc_usd,10678.25,1601466274.173189,10678.24,0,10678.25,0,10757.19
Coinbase,btc_eur,9136.38,1601466276.756681,9136.38,0,9140.48,0,9211.76
Coinbase,btc_eur,9140.42,1601466277.317072,9136.38,0,9140.42,0,9211.76
Coinbase,btc_usd,10677.16,1601466278.305662,10677.15,0,10677.16,0,10757.19
Coinbase,btc_usd,10678.04,1601466279.472263,10678.04,0,10678.4,0,10757.19
Coinbase,btc_usd,10678.04,1601466279.472823,10678.04,0,10678.4,0,10757.19
Coinbase,btc_usd,10677.99,1601466279.531387,10677.54,0,10677.99,0,10757.19
Coinbase,btc_eur,9140.09,1601466279.836779,9136.38,0,9140.09,0,9211.76
Coinbase,btc_usd,10677.9,1601466280.188215,10677.23,0,10677.9,0,10757.19
Coinbase,btc_eur,9139.55,1601466282.137031,9136.38,0,9139.56,0,9211.76
Coinbase,btc_eur,9139.56,1601466282.138335,9136.38,0,9139.57,0,9211.76
Coinbase,btc_eur,9139.57,1601466282.138801,9136.38,0,9139.57,0,9211.76
Coinbase,btc_usd,10678.17,1601466282.228768,10678.17,0,10678.18,0,10757.19
Coinbase,btc_usd,10678.17,1601466282.232506,10678.17,0,10678.18,0,10757.19
Coinbase,btc_usd,10678.11,1601466283.019106,10677.29,0,10678.11,0,10757.19
Coinbase,eth_usd,352.79,1601466283.248788,352.79,0,352.8,0,357.59
Coinbase,eth_usd,352.79,1601466283.249273,352.68,0,352.8,0,357.59
Coinbase,eth_usd,352.68,1601466283.253997,352.62,0,352.8,0,357.59
Coinbase,eth_usd,352.62,1601466283.254457,352.62,0,352.8,0,357.59
Coinbase,btc_usd,10678.73,1601466283.328829,10678.12,0,10678.73,0,10757.19
Coinbase,btc_eur,9139.22,1601466284.890112,9136.42,0,9139.22,0,9211.76
Coinbase,btc_usd,10677.56,1601466285.484025,10677.46,0,10677.56,0,10757.19
Coinbase,btc_usd,10677.55,1601466285.735461,10677.46,0,10677.55,0,10757.19
Coinbase,btc_usd,10677.56,1601466285.789652,10677.46,0,10677.56,0,10757.19
Coinbase,btc_usd,10677.91,1601466287.238337,10677.56,0,10677.91,0,10757.19
Coinbase,btc_eur,9136.48,1601466287.653653,9136.48,0,9138.94,0,9211.76
Coinbase,btc_usd,10677.94,1601466291.258088,10677.93,0,10677.94,0,10757.19
Coinbase,btc_usd,10677.94,1601466291.297452,10677.93,0,10677.94,0,10757.19
Coinbase,eth_usd,352.64,1601466291.332861,352.64,0,352.65,0,357.59
Coinbase,eth_usd,352.64,1601466291.334903,352.62,0,352.65,0,357.59
Coinbase,eth_eur,301.8,1601466291.573145,301.76,0,301.88,0,306.29
Coinbase,eth_eur,301.76,1601466291.579875,301.76,0,301.88,0,306.29
Coinbase,eth_eur,301.76,1601466291.583265,301.71,0,301.88,0,306.29
Coinbase,eth_usd,352.62,1601466292.394694,352.46,0,352.63,0,357.59
Coinbase,btc_usd,10677.94,1601466292.802131,10677.93,0,10677.94,0,10757.19
Coinbase,btc_usd,10677.94,1601466294.168115,10677.93,0,10677.94,0,10757.19
Coinbase,btc_eur,9139.37,1601466294.609092,9136.54,0,9139.37,0,9211.76
Coinbase,eth_eur,301.76,1601466296.453611,301.71,0,301.76,0,306.29
Coinbase,eth_eur,301.76,1601466296.611261,301.71,0,301.76,0,306.29
Coinbase,btc_usd,10677.94,1601466297.067462,10677.93,0,10677.94,0,10757.19
Coinbase,btc_usd,10677.94,1601466297.130917,10677.93,0,10677.94,0,10757.19
Coinbase,btc_usd,10677.94,1601466297.161259,10677.93,0,10677.94,0,10757.19
Coinbase,btc_eur,9136.54,1601466300.446106,9136.54,0,9139.15,0,9211.76
Coinbase,eth_usd,352.52,1601466300.690966,352.51,0,352.52,0,357.59
Coinbase,btc_usd,10677.93,1601466300.939177,10677.93,0,10677.94,0,10757.19
Coinbase,btc_eur,9136.4,1601466301.203393,9136.4,0,9139.11,0,9211.76
Coinbase,btc_eur,9136.4,1601466301.439809,9136.4,0,9139.09,0,9211.76
Coinbase,eth_eur,301.71,1601466301.647343,301.66,0,301.75,0,306.29
Coinbase,eth_eur,301.66,1601466301.647834,301.61,0,301.75,0,306.29
Coinbase,eth_eur,301.61,1601466301.648282,301.61,0,301.75,0,306.29
Coinbase,btc_eur,9136.4,1601466301.936212,9136.4,0,9139.02,0,9211.76
Coinbase,eth_eur,301.61,1601466302.036179,301.61,0,301.73,0,306.29
Coinbase,eth_eur,301.61,1601466302.041502,301.59,0,301.73,0,306.29
Coinbase,eth_eur,301.59,1601466302.041961,301.59,0,301.73,0,306.29
Coinbase,btc_eur,9136.4,1601466302.046141,9136.4,0,9139.0,0,9211.76
Coinbase,btc_usd,10677.09,1601466302.464007,10676.71,0,10677.09,0,10757.19
Coinbase,btc_usd,10676.9,1601466302.518146,10676.89,0,10676.9,0,10757.19
Coinbase,btc_usd,10676.9,1601466302.564733,10676.89,0,10676.9,0,10757.19
Coinbase,btc_usd,10676.9,1601466302.565248,10676.89,0,10676.9,0,10757.19
Coinbase,eth_usd,352.51,1601466302.925721,352.51,0,352.52,0,357.59
Coinbase,eth_usd,352.51,1601466302.92625,352.51,0,352.52,0,357.59
Coinbase,eth_usd,352.51,1601466302.926699,352.43,0,352.52,0,357.59
Coinbase,btc_eur,9136.4,1601466304.163118,9136.4,0,9138.73,0,9211.76
Coinbase,btc_usd,10677.19,1601466307.575253,10676.84,0,10677.19,0,10757.19
Coinbase,btc_usd,10677.8,1601466307.745662,10677.0,0,10677.8,0,10757.19
Coinbase,btc_usd,10677.7,1601466307.796766,10677.02,0,10677.8,0,10757.19
Coinbase,btc_usd,10677.8,1601466307.797477,10677.02,0,10677.8,0,10757.19
Coinbase,btc_usd,10677.07,1601466308.111386,10676.84,0,10677.07,0,10757.19
Coinbase,eth_usd,352.55,1601466310.851129,352.54,0,352.55,0,357.59
Coinbase,btc_usd,10677.46,1601466311.88798,10677.45,0,10677.46,0,10757.19
Coinbase,btc_eur,9138.36,1601466316.970494,9136.4,0,9138.36,0,9211.76
Coinbase,eth_usd,352.54,1601466316.993089,352.54,0,352.55,0,357.59
Coinbase,btc_usd,10677.46,1601466317.625991,10677.45,0,10677.46,0,10757.19
Coinbase,btc_usd,10677.79,1601466318.102679,10677.45,0,10677.79,0,10757.19
Coinbase,btc_eur,9136.4,1601466318.784966,9136.4,0,9138.3,0,9211.76
Coinbase,eth_usd,352.54,1601466319.816065,352.54,0,352.55,0,357.59
Coinbase,eth_usd,352.54,1601466319.816676,352.54,0,352.55,0,357.59
Coinbase,btc_usd,10677.71,1601466319.8227,10677.45,0,10677.71,0,10757.19
Coinbase,btc_usd,10677.46,1601466322.457268,10677.45,0,10677.46,0,10757.19
Coinbase,btc_usd,10677.46,1601466322.684671,10677.45,0,10677.46,0,10757.19
Coinbase,btc_usd,10677.57,1601466323.174412,10677.45,0,10677.57,0,10757.19
Coinbase,btc_usd,10677.46,1601466323.786621,10677.45,0,10677.46,0,10757.19
Coinbase,btc_usd,10677.46,1601466324.014197,10677.45,0,10677.46,0,10757.19
Coinbase,eth_eur,301.56,1601466324.205978,301.56,0,301.71,0,306.29
Coinbase,eth_eur,301.56,1601466324.206452,301.52,0,301.71,0,306.29
Coinbase,eth_eur,301.54,1601466324.219972,301.52,0,301.54,0,306.29
Coinbase,eth_eur,301.54,1601466325.627616,301.53,0,301.7,0,306.29
Coinbase,eth_eur,301.55,1601466325.843893,301.55,0,301.71,0,306.29
Coinbase,btc_eur,9136.54,1601466326.416772,9136.54,0,9138.17,0,9211.76
Coinbase,btc_usd,10677.57,1601466326.973604,10675.85,0,10677.57,0,10757.19
Coinbase,btc_eur,9139.02,1601466330.967139,9136.62,0,9139.03,0,9211.76
Coinbase,btc_eur,9139.03,1601466330.96781,9136.62,0,9139.03,0,9211.76
Coinbase,btc_eur,9139.91,1601466331.905256,9136.64,0,9139.91,0,9211.76
Coinbase,btc_eur,9136.66,1601466332.22048,9136.66,0,9140.94,0,9211.76
Coinbase,btc_eur,9136.66,1601466337.272237,9136.66,0,9140.39,0,9211.76
Coinbase,btc_usd,10678.02,1601466339.304297,10678.01,0,10678.02,0,10757.19
Coinbase,btc_eur,9140.46,1601466341.667558,9136.72,0,9140.8,0,9211.76
Coinbase,btc_eur,9140.8,1601466341.668188,9136.72,0,9141.11,0,9211.76
Coinbase,btc_eur,9141.11,1601466341.669397,9136.72,0,9141.13,0,9211.76
Coinbase,btc_eur,9141.13,1601466341.670202,9136.72,0,9141.13,0,9211.76
Coinbase,btc_usd,10677.35,1601466343.760715,10677.35,0,10677.36,0,10757.19
Coinbase,btc_usd,10677.17,1601466343.980472,10677.17,0,10677.6,0,10757.19
Coinbase,btc_usd,10677.62,1601466344.198968,10677.61,0,10677.62,0,10757.19
Coinbase,btc_usd,10678.23,1601466348.499651,10678.23,0,10678.24,0,10757.19
Coinbase,btc_usd,10677.69,1601466349.296278,10677.69,0,10677.7,0,10757.19
Coinbase,eth_usd,352.54,1601466350.844552,352.54,0,352.55,0,357.59
Coinbase,eth_usd,352.54,1601466350.845178,352.54,0,352.55,0,357.59
Coinbase,eth_usd,352.54,1601466350.845642,352.54,0,352.55,0,357.59
Coinbase,btc_usd,10676.94,1601466351.955336,10676.93,0,10676.94,0,10757.19
Coinbase,eth_eur,301.72,1601466352.433045,301.55,0,301.72,0,306.29
Coinbase,eth_usd,352.55,1601466352.963121,352.54,0,352.55,0,357.59
Coinbase,eth_eur,301.76,1601466353.080694,301.55,0,301.76,0,306.29
Coinbase,btc_usd,10677.7,1601466354.296775,10677.17,0,10677.7,0,10757.19
Coinbase,btc_usd,10678.41,1601466355.532636,10678.4,0,10678.41,0,10757.19
Coinbase,btc_usd,10678.4,1601466356.105912,10678.4,0,10678.41,0,10757.19
Coinbase,btc_usd,10678.4,1601466356.106593,10678.4,0,10678.41,0,10757.19
Coinbase,btc_usd,10678.4,1601466356.107044,10678.4,0,10678.41,0,10757.19
Coinbase,btc_usd,10678.4,1601466356.107491,10678.4,0,10678.41,0,10757.19
Coinbase,eth_usd,352.67,1601466356.646678,352.66,0,352.67,0,357.59
Coinbase,btc_eur,9138.86,1601466361.222978,9136.94,0,9138.86,0,9211.76
Coinbase,btc_eur,9138.86,1601466361.540184,9136.94,0,9138.86,0,9211.76
Coinbase,eth_usd,352.77,1601466362.322952,352.76,0,352.78,0,357.59
Coinbase,eth_usd,352.76,1601466362.331069,352.76,0,352.78,0,357.59
Coinbase,btc_usd,10678.72,1601466363.668692,10678.72,0,10678.73,0,10757.19
Coinbase,btc_usd,10678.73,1601466364.443517,10678.72,0,10678.73,0,10757.19
Coinbase,eth_usd,352.74,1601466364.88709,352.73,0,352.74,0,357.59
Coinbase,btc_usd,10678.73,1601466367.246242,10678.72,0,10678.73,0,10757.19
Coinbase,btc_eur,9138.87,1601466368.037015,9137.1,0,9138.87,0,9211.76
Coinbase,btc_usd,10678.73,1601466368.85169,10678.72,0,10678.73,0,10757.19
Coinbase,eth_usd,352.62,1601466370.354236,352.6,0,352.71,0,357.59
Coinbase,eth_usd,352.6,1601466370.354872,352.59,0,352.71,0,357.59
Coinbase,eth_usd,352.59,1601466370.359413,352.52,0,352.71,0,357.59
Coinbase,eth_usd,352.52,1601466370.359891,352.52,0,352.71,0,357.59
Coinbase,eth_usd,352.52,1601466370.360356,352.52,0,352.71,0,357.59
Coinbase,btc_usd,10678.73,1601466371.410679,10678.72,0,10678.73,0,10757.19
Coinbase,btc_eur,9137.26,1601466372.693189,9137.26,0,9140.78,0,9211.76
Coinbase,btc_eur,9140.62,1601466375.806467,9137.33,0,9140.62,0,9211.76
Coinbase,eth_usd,352.69,1601466377.442363,352.67,0,352.69,0,357.59
Coinbase,btc_usd,10678.73,1601466377.952849,10678.72,0,10678.73,0,10757.19
Coinbase,eth_usd,352.72,1601466379.1064,352.72,0,352.76,0,357.59
Coinbase,eth_eur,301.7,1601466381.833144,301.7,0,301.85,0,306.29
Coinbase,btc_usd,10678.73,1601466382.719993,10678.72,0,10678.73,0,10757.19
Coinbase,eth_usd,352.89,1601466383.787639,352.89,0,352.91,0,357.59
Coinbase,btc_usd,10678.73,1601466383.926858,10678.72,0,10679.24,0,10757.19
Coinbase,btc_usd,10679.24,1601466384.304144,10679.23,0,10679.24,0,10757.19
Coinbase,eth_usd,352.89,1601466384.514176,352.87,0,352.92,0,357.59
Coinbase,eth_usd,352.87,1601466384.515442,352.83,0,352.92,0,357.59
Coinbase,eth_usd,352.83,1601466384.515898,352.83,0,352.92,0,357.59
Coinbase,eth_usd,352.83,1601466384.517393,352.82,0,352.92,0,357.59
Coinbase,eth_usd,352.82,1601466384.5196,352.82,0,352.92,0,357.59
Coinbase,eth_usd,352.82,1601466384.520074,352.82,0,352.92,0,357.59
Coinbase,eth_usd,352.82,1601466384.521413,352.77,0,352.92,0,357.59
Coinbase,eth_usd,352.77,1601466384.521902,352.74,0,352.92,0,357.59
Coinbase,eth_usd,352.74,1601466384.522937,352.68,0,352.92,0,357.59
Coinbase,eth_usd,352.68,1601466384.523838,352.58,0,352.92,0,357.59
Coinbase,eth_usd,352.58,1601466384.524291,352.58,0,352.92,0,357.59
Coinbase,eth_usd,352.58,1601466384.624698,352.56,0,352.92,0,357.59
Coinbase,eth_usd,352.56,1601466384.625164,352.55,0,352.92,0,357.59
Coinbase,eth_usd,352.55,1601466384.62561,352.52,0,352.92,0,357.59
Coinbase,eth_usd,352.52,1601466384.626054,352.51,0,352.92,0,357.59
Coinbase,eth_usd,352.51,1601466384.626498,352.48,0,352.92,0,357.59
Coinbase,eth_usd,352.48,1601466384.626942,352.47,0,352.92,0,357.59
Coinbase,eth_usd,352.47,1601466384.627386,352.46,0,352.92,0,357.59
Coinbase,eth_usd,352.46,1601466384.62783,352.46,0,352.92,0,357.59
Coinbase,eth_usd,352.46,1601466384.63042,352.44,0,352.92,0,357.59
Coinbase,eth_usd,352.44,1601466384.630878,352.43,0,352.92,0,357.59
Coinbase,eth_usd,352.43,1601466384.631334,352.43,0,352.92,0,357.59
Coinbase,eth_usd,352.43,1601466384.631788,352.38,0,352.92,0,357.59
Coinbase,eth_usd,352.38,1601466384.632242,352.32,0,352.92,0,357.59
Coinbase,eth_usd,352.32,1601466384.632699,352.31,0,352.92,0,357.59
Coinbase,eth_usd,352.31,1601466384.63315,352.22,0,352.92,0,357.59
Coinbase,eth_usd,352.22,1601466384.633599,352.21,0,352.92,0,357.59
Coinbase,eth_usd,352.21,1601466384.634047,352.17,0,352.92,0,357.59
Coinbase,eth_usd,352.17,1601466384.634511,352.16,0,352.92,0,357.59
Coinbase,eth_usd,352.16,1601466384.634959,352.12,0,352.92,0,357.59
Coinbase,eth_usd,352.12,1601466384.635426,352.11,0,352.92,0,357.59
Coinbase,eth_usd,352.11,1601466384.635901,352.06,0,352.92,0,357.59
Coinbase,eth_usd,352.06,1601466384.636379,352.0,0,352.92,0,357.59
Coinbase,eth_usd,352.0,1601466384.636847,352.0,0,352.92,0,357.59
Coinbase,eth_usd,352.0,1601466384.637316,352.0,0,352.92,0,357.59
Coinbase,eth_usd,352.0,1601466384.637876,352.0,0,352.92,0,357.59
Coinbase,eth_usd,352.0,1601466384.638354,352.0,0,352.92,0,357.59
Coinbase,eth_usd,352.83,1601466384.638822,352.82,0,352.9,0,357.59
Coinbase,eth_usd,352.82,1601466384.639289,352.81,0,352.9,0,357.59
Coinbase,eth_usd,352.81,1601466384.639758,352.53,0,352.9,0,357.59
Coinbase,btc_usd,10679.24,1601466385.366626,10679.23,0,10679.24,0,10757.19
Coinbase,btc_eur,9140.45,1601466386.455298,9137.54,0,9140.45,0,9211.76
Coinbase,btc_eur,9140.45,1601466388.741152,9137.58,0,9140.45,0,9211.76
Coinbase,btc_eur,9137.6,1601466389.594367,9137.6,0,9140.45,0,9211.76
Coinbase,eth_usd,352.65,1601466390.724183,352.64,0,352.65,0,357.59
Coinbase,eth_usd,352.65,1601466392.568696,352.64,0,352.65,0,357.59
Coinbase,btc_usd,10679.24,1601466393.305042,10679.23,0,10679.24,0,10757.19
Coinbase,eth_usd,352.65,1601466393.308727,352.64,0,352.65,0,357.59
Coinbase,btc_usd,10679.24,1601466393.409982,10679.23,0,10679.24,0,10757.19
Coinbase,eth_usd,352.65,1601466393.474397,352.64,0,352.65,0,357.59
Coinbase,eth_usd,352.67,1601466393.482799,352.64,0,352.67,0,357.59
Coinbase,eth_usd,352.67,1601466393.485548,352.64,0,352.67,0,357.59
Coinbase,eth_usd,352.67,1601466393.486017,352.64,0,352.68,0,357.59
Coinbase,eth_usd,352.68,1601466393.486466,352.64,0,352.68,0,357.59
Coinbase,eth_usd,352.68,1601466393.501331,352.65,0,352.68,0,357.59
Coinbase,eth_usd,352.68,1601466393.50326,352.65,0,352.68,0,357.59
Coinbase,eth_usd,352.68,1601466393.530038,352.67,0,352.75,0,357.59
Coinbase,eth_usd,352.75,1601466393.530508,352.67,0,352.75,0,357.59
Coinbase,eth_usd,352.75,1601466393.535467,352.67,0,352.75,0,357.59
Coinbase,btc_usd,10679.24,1601466393.544364,10679.23,0,10679.24,0,10757.19
Coinbase,eth_usd,352.75,1601466393.548067,352.68,0,352.75,0,357.59
Coinbase,eth_usd,352.75,1601466393.575747,352.72,0,352.75,0,357.59
Coinbase,eth_usd,352.75,1601466393.576611,352.72,0,352.75,0,357.59
Coinbase,btc_usd,10679.24,1601466393.590206,10679.23,0,10679.24,0,10757.19
Coinbase,eth_usd,352.75,1601466393.599543,352.74,0,352.75,0,357.59
Coinbase,eth_usd,352.75,1601466393.612396,352.74,0,352.8,0,357.59
Coinbase,btc_usd,10679.24,1601466393.639817,10679.23,0,10679.24,0,10757.19
Coinbase,btc_usd,10679.24,1601466393.87424,10679.23,0,10679.24,0,10757.19
Coinbase,btc_usd,10679.24,1601466394.005894,10679.23,0,10679.24,0,10757.19
Coinbase,btc_usd,10679.24,1601466394.072486,10679.23,0,10679.24,0,10757.19
Coinbase,btc_usd,10679.24,1601466394.083891,10679.23,0,10679.24,0,10757.19
Coinbase,btc_usd,10679.24,1601466394.161217,10679.23,0,10679.24,0,10757.19
Coinbase,eth_usd,352.88,1601466394.216718,352.83,0,352.88,0,357.59
Coinbase,btc_usd,10679.24,1601466394.269701,10679.23,0,10679.24,0,10757.19
Coinbase,btc_usd,10679.24,1601466394.280833,10679.23,0,10679.24,0,10757.19
Coinbase,btc_usd,10679.24,1601466394.322015,10679.23,0,10679.24,0,10757.19
Coinbase,btc_usd,10679.24,1601466394.341793,10679.23,0,10679.24,0,10757.19
Coinbase,btc_usd,10679.24,1601466394.581494,10679.23,0,10685.59,0,10757.19
Coinbase,eth_usd,352.91,1601466394.853608,352.88,0,352.93,0,357.59
Coinbase,eth_usd,352.93,1601466395.054184,352.9,0,352.93,0,357.59
Coinbase,btc_usd,10685.92,1601466397.291246,10685.09,0,10685.92,0,10757.19
Coinbase,btc_usd,10684.73,1601466399.506939,10684.73,0,10684.74,0,10757.19
Coinbase,btc_usd,10684.73,1601466399.508307,10684.28,0,10684.74,0,10757.19
Coinbase,btc_usd,10684.28,1601466399.508761,10684.27,0,10684.74,0,10757.19
Coinbase,btc_usd,10684.27,1601466399.514968,10684.15,0,10684.74,0,10757.19
Coinbase,btc_usd,10684.15,1601466399.515427,10681.89,0,10684.74,0,10757.19
Coinbase,btc_usd,10681.89,1601466399.515875,10681.27,0,10684.74,0,10757.19
Coinbase,btc_usd,10681.27,1601466399.516321,10680.84,0,10684.74,0,10757.19
Coinbase,btc_usd,10680.84,1601466399.516769,10680.55,0,10684.74,0,10757.19
Coinbase,btc_usd,10680.55,1601466399.519469,10679.59,0,10684.74,0,10757.19
Coinbase,btc_usd,10679.59,1601466399.520053,10679.58,0,10684.74,0,10757.19
Coinbase,btc_usd,10679.58,1601466399.614586,10679.58,0,10684.74,0,10757.19
Coinbase,btc_eur,9138.27,1601466399.768568,9138.27,0,9140.46,0,9211.76
Coinbase,btc_usd,10681.08,1601466400.172796,10681.08,0,10683.61,0,10757.19
Coinbase,btc_usd,10682.41,1601466400.321621,10681.08,0,10682.45,0,10757.19
Coinbase,btc_usd,10682.45,1601466400.32209,10681.08,0,10682.45,0,10757.19
Coinbase,btc_usd,10682.44,1601466401.153041,10682.44,0,10684.3,0,10757.19
Coinbase,btc_usd,10683.25,1601466402.233681,10683.05,0,10683.25,0,10757.19
Coinbase,btc_eur,9140.36,1601466402.454285,9138.41,0,9140.36,0,9211.76
Coinbase,btc_usd,10682.98,1601466402.634241,10682.97,0,10682.98,0,10757.19
Coinbase,btc_usd,10682.98,1601466402.748521,10682.97,0,10682.98,0,10757.19
Coinbase,btc_usd,10682.98,1601466403.693695,10682.97,0,10682.98,0,10757.19
Coinbase,btc_usd,10684.14,1601466406.689521,10683.25,0,10684.14,0,10757.19
Coinbase,eth_usd,352.8,1601466406.710328,352.72,0,352.8,0,357.59
Coinbase,btc_usd,10683.84,1601466406.810379,10683.25,0,10683.89,0,10757.19
Coinbase,btc_usd,10683.89,1601466406.810881,10683.25,0,10683.89,0,10757.19
Coinbase,btc_eur,9138.57,1601466410.940869,9138.57,0,9140.34,0,9211.76
Coinbase,btc_usd,10684.54,1601466415.124765,10684.53,0,10684.54,0,10757.19
Coinbase,btc_usd,10684.53,1601466415.874278,10683.98,0,10684.54,0,10757.19
Coinbase,btc_usd,10683.98,1601466415.874909,10683.98,0,10684.54,0,10757.19
Coinbase,btc_usd,10683.98,1601466417.713771,10683.98,0,10683.99,0,10757.19
Coinbase,eth_usd,352.72,1601466417.955301,352.71,0,352.78,0,357.59
Coinbase,eth_usd,352.71,1601466417.955874,352.71,0,352.78,0,357.59
Coinbase,eth_usd,352.71,1601466417.95673,352.71,0,352.78,0,357.59
Coinbase,btc_usd,10685.53,1601466419.614443,10684.93,0,10685.53,0,10757.19
Coinbase,btc_usd,10685.4,1601466420.141429,10685.03,0,10685.4,0,10757.19
Coinbase,eth_eur,301.73,1601466423.675562,301.73,0,301.85,0,306.29
Coinbase,btc_usd,10685.54,1601466423.833816,10685.53,0,10685.54,0,10757.19
Coinbase,btc_usd,10685.54,1601466423.834316,10685.53,0,10685.54,0,10757.19
Coinbase,eth_usd,352.78,1601466425.371924,352.77,0,352.78,0,357.59
Coinbase,btc_usd,10685.54,1601466426.720721,10685.53,0,10685.54,0,10757.19
Coinbase,eth_usd,352.77,1601466429.100729,352.71,0,352.77,0,357.59
Coinbase,btc_usd,10685.54,1601466431.348214,10685.53,0,10685.54,0,10757.19
Coinbase,btc_usd,10685.54,1601466431.348844,10685.53,0,10685.54,0,10757.19
Coinbase,eth_eur,301.85,1601466434.329088,301.76,0,301.85,0,306.29
Coinbase,btc_usd,10685.54,1601466434.494726,10685.53,0,10685.54,0,10757.19
Coinbase,btc_eur,9140.12,1601466434.622568,9138.73,0,9140.12,0,9211.76
Coinbase,btc_eur,9140.12,1601466435.931168,9138.74,0,9140.13,0,9211.76
Coinbase,btc_eur,9140.13,1601466435.931783,9138.74,0,9140.15,0,9211.76
Coinbase,btc_eur,9140.15,1601466435.932237,9138.74,0,9140.15,0,9211.76
Coinbase,btc_eur,9144.46,1601466439.099629,9139.38,0,9144.46,0,9211.76
Coinbase,btc_eur,9144.47,1601466440.332397,9139.62,0,9144.47,0,9211.76
Coinbase,btc_eur,9139.86,1601466441.649344,9139.85,0,9144.46,0,9211.76
Coinbase,btc_eur,9139.85,1601466441.650016,9139.85,0,9144.46,0,9211.76
Coinbase,btc_eur,9139.85,1601466441.650471,9139.85,0,9144.46,0,9211.76
Coinbase,btc_eur,9140.05,1601466442.987342,9140.05,0,9144.42,0,9211.76
Coinbase,eth_usd,352.78,1601466444.027715,352.77,0,352.78,0,357.59
Coinbase,btc_usd,10687.54,1601466444.306696,10687.54,0,10688.41,0,10757.19
Coinbase,eth_eur,301.85,1601466444.537579,301.73,0,301.85,0,306.29
Coinbase,btc_usd,10687.75,1601466445.072238,10687.74,0,10687.75,0,10757.19
Coinbase,eth_eur,301.73,1601466446.302624,301.73,0,301.85,0,306.29
Coinbase,eth_eur,301.73,1601466446.30527,301.73,0,301.85,0,306.29
Coinbase,eth_eur,301.73,1601466446.305888,301.73,0,301.85,0,306.29
Coinbase,btc_usd,10688.7,1601466449.237903,10687.82,0,10688.7,0,10757.19
Coinbase,eth_usd,352.78,1601466449.346702,352.77,0,352.78,0,357.59
Coinbase,eth_eur,301.84,1601466449.669132,301.72,0,301.84,0,306.29
Coinbase,btc_eur,9141.09,1601466451.128073,9141.09,0,9144.46,0,9211.76
Coinbase,btc_eur,9141.37,1601466453.251417,9141.37,0,9144.45,0,9211.76
Coinbase,eth_usd,352.77,1601466454.341232,352.74,0,352.77,0,357.59
Coinbase,eth_usd,352.77,1601466455.04404,352.74,0,352.77,0,357.59
Coinbase,eth_usd,352.77,1601466455.16723,352.76,0,352.77,0,357.59
Coinbase,eth_usd,352.78,1601466455.513727,352.77,0,352.85,0,357.59
Coinbase,eth_usd,352.85,1601466455.514376,352.77,0,352.85,0,357.59
Coinbase,eth_usd,352.86,1601466455.713771,352.79,0,352.86,0,357.59
Coinbase,btc_usd,10687.99,1601466456.229308,10687.61,0,10688.0,0,10757.19
Coinbase,btc_usd,10687.61,1601466456.229972,10685.36,0,10688.0,0,10757.19
Coinbase,btc_usd,10685.36,1601466456.231075,10685.36,0,10688.0,0,10757.19
Coinbase,eth_usd,352.88,1601466459.781049,352.84,0,352.88,0,357.59
Coinbase,btc_usd,10688.74,1601466461.556497,10687.47,0,10688.74,0,10757.19
Coinbase,btc_usd,10686.38,1601466462.171363,10686.38,0,10688.17,0,10757.19
Coinbase,btc_usd,10688.35,1601466462.525602,10687.5,0,10688.35,0,10757.19
Coinbase,btc_usd,10688.66,1601466463.654085,10687.58,0,10688.66,0,10757.19
Coinbase,btc_usd,10688.81,1601466464.726013,10688.0,0,10688.81,0,10757.19
Coinbase,btc_eur,9142.51,1601466465.176096,9142.51,0,9145.51,0,9211.76
Coinbase,btc_eur,9142.51,1601466465.176651,9142.51,0,9145.51,0,9211.76
Coinbase,eth_usd,352.9,1601466465.781037,352.83,0,352.9,0,357.59
Coinbase,btc_eur,9145.5,1601466466.769456,9142.54,0,9145.5,0,9211.76
Coinbase,btc_usd,10688.72,1601466468.273381,10687.76,0,10688.72,0,10757.19
Coinbase,btc_usd,10688.53,1601466468.75959,10687.76,0,10688.53,0,10757.19
Coinbase,btc_usd,10688.61,1601466469.923324,10687.76,0,10688.61,0,10757.19
Coinbase,btc_eur,9145.49,1601466472.327435,9142.69,0,9145.49,0,9211.76
Coinbase,eth_usd,352.79,1601466473.285427,352.79,0,352.86,0,357.59
Coinbase,eth_usd,352.84,1601466475.015227,352.8,0,352.87,0,357.59
Coinbase,eth_usd,352.87,1601466475.01592,352.8,0,352.88,0,357.59
Coinbase,eth_usd,352.88,1601466475.01639,352.8,0,352.88,0,357.59
Coinbase,btc_eur,9145.49,1601466478.474653,9142.79,0,9145.49,0,9211.76
Coinbase,btc_eur,9145.45,1601466480.472952,9142.79,0,9145.45,0,9211.76
Coinbase,btc_eur,9145.45,1601466480.841984,9142.79,0,9145.45,0,9211.76
Coinbase,eth_usd,352.87,1601466482.321062,352.82,0,352.87,0,357.59
Coinbase,eth_usd,352.87,1601466483.228303,352.83,0,352.87,0,357.59
Coinbase,btc_usd,10688.35,1601466484.089647,10687.37,0,10688.35,0,10757.19
Coinbase,btc_eur,9145.51,1601466487.748633,9142.79,0,9145.51,0,9211.76
Coinbase,btc_eur,9142.79,1601466489.791487,9142.79,0,9145.51,0,9211.76
Coinbase,btc_eur,9145.89,1601466491.824344,9142.79,0,9145.89,0,9211.76
Coinbase,btc_usd,10688.76,1601466492.642023,10687.97,0,10688.76,0,10757.19
Coinbase,btc_eur,9145.89,1601466494.692195,9142.95,0,9145.89,0,9211.76
Coinbase,btc_usd,10688.76,1601466497.789844,10688.75,0,10690.5,0,10757.19
Coinbase,btc_usd,10690.5,1601466497.79241,10688.75,0,10690.5,0,10757.19
Coinbase,btc_usd,10690.42,1601466498.700908,10689.35,0,10690.42,0,10757.19
Coinbase,btc_usd,10689.61,1601466500.655447,10686.75,0,10689.61,0,10757.19
Coinbase,btc_eur,9143.17,1601466502.342253,9143.17,0,9145.89,0,9211.76
Coinbase,btc_eur,9145.89,1601466502.42413,9143.17,0,9145.89,0,9211.76
Coinbase,btc_usd,10688.7,1601466502.869179,10688.62,0,10689.54,0,10757.19
Coinbase,btc_usd,10688.62,1601466502.869801,10688.62,0,10689.54,0,10757.19
Coinbase,btc_eur,9143.19,1601466505.129497,9143.19,0,9145.88,0,9211.76
Coinbase,btc_usd,10688.37,1601466506.774878,10688.31,0,10689.74,0,10757.19
Coinbase,btc_usd,10688.31,1601466506.778188,10688.31,0,10689.74,0,10757.19
Coinbase,eth_usd,352.95,1601466507.886046,352.88,0,352.95,0,357.59
Coinbase,eth_usd,352.91,1601466508.079477,352.84,0,352.91,0,357.59
Coinbase,eth_usd,352.88,1601466508.92346,352.82,0,352.88,0,357.59
Coinbase,eth_eur,301.85,1601466511.358236,301.83,0,301.85,0,306.29
Coinbase,btc_eur,9142.07,1601466513.773555,9142.07,0,9145.58,0,9211.76
Coinbase,btc_usd,10686.28,1601466514.037718,10685.73,0,10686.28,0,10757.19
Coinbase,eth_usd,352.82,1601466514.057831,352.81,0,352.82,0,357.59
Coinbase,eth_usd,352.82,1601466514.183222,352.81,0,352.82,0,357.59
Coinbase,btc_usd,10688.18,1601466515.024948,10686.21,0,10688.25,0,10757.19
Coinbase,btc_usd,10688.25,1601466515.025719,10686.21,0,10688.27,0,10757.19
Coinbase,btc_usd,10688.27,1601466515.02617,10686.21,0,10688.27,0,10757.19
Coinbase,btc_eur,9145.44,1601466515.50399,9142.07,0,9145.44,0,9211.76
Coinbase,btc_eur,9145.42,1601466518.854315,9142.25,0,9145.42,0,9211.76
Coinbase,btc_eur,9142.31,1601466522.569689,9142.31,0,9145.39,0,9211.76
Coinbase,eth_usd,352.82,1601466523.06563,352.81,0,352.82,0,357.59
Coinbase,btc_usd,10689.05,1601466524.098473,10689.04,0,10689.05,0,10757.19
Coinbase,eth_usd,352.81,1601466525.640532,352.81,0,352.82,0,357.59
Coinbase,btc_usd,10689.05,1601466526.855538,10689.04,0,10689.05,0,10757.19
Coinbase,btc_eur,9142.71,1601466527.571071,9142.71,0,9145.37,0,9211.76
Coinbase,eth_usd,352.9,1601466528.611456,352.89,0,352.9,0,357.59
Coinbase,eth_usd,352.9,1601466528.625532,352.89,0,352.9,0,357.59
Coinbase,eth_eur,301.85,1601466528.6346,301.83,0,301.85,0,306.29
Coinbase,eth_usd,352.9,1601466528.635642,352.89,0,352.9,0,357.59
Coinbase,eth_usd,352.9,1601466528.656886,352.89,0,352.9,0,357.59
Coinbase,eth_usd,352.9,1601466528.66123,352.89,0,352.95,0,357.59
Coinbase,eth_eur,301.85,1601466529.063191,301.83,0,301.85,0,306.29
Coinbase,eth_eur,301.85,1601466529.148496,301.83,0,301.85,0,306.29
Coinbase,eth_eur,301.85,1601466529.390403,301.83,0,301.85,0,306.29
Coinbase,eth_eur,301.85,1601466529.39477,301.83,0,301.85,0,306.29
Coinbase,eth_eur,301.85,1601466529.399252,301.83,0,301.85,0,306.29
Coinbase,eth_usd,353.14,1601466529.7168,353.12,0,353.14,0,357.59
Coinbase,eth_eur,301.85,1601466530.513379,301.84,0,301.85,0,306.29
Coinbase,btc_usd,10690.73,1601466530.939028,10690.01,0,10690.73,0,10757.19
Coinbase,btc_usd,10690.41,1601466532.060092,10690.04,0,10690.41,0,10757.19
Coinbase,eth_usd,353.13,1601466532.927226,353.12,0,353.13,0,357.59
Coinbase,btc_eur,9143.22,1601466533.010694,9140.18,0,9145.37,0,9211.76
Coinbase,btc_eur,9140.18,1601466533.011274,9140.18,0,9145.37,0,9211.76
Coinbase,btc_usd,10689.77,1601466533.992948,10689.76,0,10689.77,0,10757.19
Coinbase,eth_usd,353.12,1601466538.858207,353.12,0,353.13,0,357.59
Coinbase,eth_usd,353.07,1601466542.000183,353.05,0,353.07,0,357.59
Coinbase,btc_eur,9141.35,1601466543.428181,9141.35,0,9145.27,0,9211.76
Coinbase,btc_usd,10690.3,1601466543.922651,10690.29,0,10690.3,0,10757.19
Coinbase,eth_eur,301.85,1601466544.676143,301.84,0,301.85,0,306.29
Coinbase,eth_usd,353.07,1601466547.291993,353.02,0,353.07,0,357.59
Coinbase,btc_eur,9145.16,1601466548.088076,9141.35,0,9145.16,0,9211.76
Coinbase,btc_usd,10690.46,1601466548.73293,10690.45,0,10690.46,0,10757.19
Coinbase,btc_usd,10690.46,1601466548.73706,10690.45,0,10690.46,0,10757.19
Coinbase,btc_usd,10690.46,1601466548.737657,10690.45,0,10690.46,0,10757.19
Coinbase,btc_usd,10690.46,1601466548.738755,10690.45,0,10690.58,0,10757.19
Coinbase,eth_usd,353.13,1601466549.912289,353.08,0,353.13,0,357.59
Coinbase,eth_eur,301.85,1601466551.33494,301.84,0,301.96,0,306.29
Coinbase,btc_usd,10690.58,1601466552.994384,10690.57,0,10690.58,0,10757.19
Coinbase,btc_usd,10690.58,1601466553.918505,10690.57,0,10690.58,0,10757.19
Coinbase,btc_eur,9144.89,1601466555.147013,9141.71,0,9144.9,0,9211.76
Coinbase,btc_eur,9144.9,1601466555.150251,9141.71,0,9144.9,0,9211.76
Coinbase,btc_usd,10690.58,1601466556.155039,10690.57,0,10690.58,0,10757.19
Coinbase,btc_usd,10690.58,1601466556.938333,10690.57,0,10690.58,0,10757.19
Coinbase,eth_eur,302.02,1601466557.401998,302.01,0,302.09,0,306.29
Coinbase,eth_eur,302.01,1601466557.403185,302.01,0,302.09,0,306.29
Coinbase,eth_usd,353.3,1601466557.667332,353.26,0,353.3,0,357.59
Coinbase,btc_eur,9145.32,1601466559.761715,9142.27,0,9145.32,0,9211.76
Coinbase,btc_usd,10690.58,1601466560.09732,10690.57,0,10690.58,0,10757.19
Coinbase,btc_usd,10690.58,1601466562.461932,10690.57,0,10690.58,0,10757.19
Coinbase,eth_eur,302.09,1601466563.281398,301.98,0,302.09,0,306.29
Coinbase,btc_eur,9142.57,1601466563.297244,9142.57,0,9145.33,0,9211.76
Coinbase,btc_usd,10690.58,1601466563.573449,10690.57,0,10690.58,0,10757.19
Coinbase,eth_usd,353.31,1601466563.793414,353.3,0,353.31,0,357.59
Coinbase,btc_usd,10690.58,1601466563.916632,10690.57,0,10690.58,0,10757.19
Coinbase,eth_usd,353.3,1601466564.18254,353.3,0,353.31,0,357.59
Coinbase,btc_usd,10690.58,1601466566.322238,10690.57,0,10690.58,0,10757.19
Coinbase,btc_usd,10690.58,1601466570.866721,10690.57,0,10690.58,0,10757.19
Coinbase,btc_usd,10690.58,1601466571.211201,10690.57,0,10690.58,0,10757.19
Coinbase,eth_usd,353.3,1601466571.846144,353.3,0,353.31,0,357.59
Coinbase,btc_usd,10690.58,1601466572.311948,10690.57,0,10690.58,0,10757.19
Coinbase,eth_eur,302.09,1601466572.442104,302.05,0,302.09,0,306.29
Coinbase,btc_usd,10690.58,1601466573.023748,10690.57,0,10690.58,0,10757.19
Coinbase,eth_eur,302.09,1601466574.535781,302.08,0,302.09,0,306.29
Coinbase,eth_usd,353.31,1601466575.101548,353.3,0,353.32,0,357.59
Coinbase,eth_usd,353.32,1601466575.106408,353.3,0,353.32,0,357.59
Coinbase,eth_usd,353.32,1601466575.107033,353.3,0,353.33,0,357.59
Coinbase,eth_usd,353.33,1601466575.107496,353.3,0,353.34,0,357.59
Coinbase,eth_usd,353.34,1601466575.107959,353.3,0,353.35,0,357.59
Coinbase,eth_usd,353.35,1601466575.108424,353.3,0,353.36,0,357.59
Coinbase,eth_usd,353.36,1601466575.109453,353.3,0,353.37,0,357.59
Coinbase,eth_usd,353.37,1601466575.110454,353.3,0,353.38,0,357.59
Coinbase,eth_usd,353.38,1601466575.11092,353.3,0,353.4,0,357.59
Coinbase,eth_usd,353.4,1601466575.111383,353.3,0,353.4,0,357.59
Coinbase,eth_usd,353.4,1601466575.403874,353.39,0,353.4,0,357.59
Coinbase,eth_usd,353.4,1601466575.47678,353.39,0,353.4,0,357.59
Coinbase,eth_eur,302.09,1601466575.6319,302.08,0,302.42,0,306.29
Coinbase,btc_usd,10690.58,1601466577.315746,10690.57,0,10690.58,0,10757.19
Coinbase,eth_usd,353.42,1601466579.291454,353.42,0,353.43,0,357.59
Coinbase,btc_eur,9142.63,1601466579.539281,9142.63,0,9145.35,0,9211.76
Coinbase,btc_usd,10690.58,1601466579.562444,10690.57,0,10690.58,0,10757.19
Coinbase,btc_eur,9145.35,1601466582.314967,9142.63,0,9145.35,0,9211.76
Coinbase,btc_usd,10690.58,1601466582.315614,10690.57,0,10690.58,0,10757.19
Coinbase,btc_eur,9142.36,1601466584.587874,9142.36,0,9145.36,0,9211.76
Coinbase,btc_usd,10690.58,1601466585.291103,10690.57,0,10690.58,0,10757.19
Coinbase,eth_eur,302.2,1601466585.694206,302.19,0,302.2,0,306.29
Coinbase,eth_usd,353.37,1601466587.318239,353.37,0,353.42,0,357.59
Coinbase,eth_eur,302.19,1601466587.61283,302.17,0,302.2,0,306.29
Coinbase,eth_eur,302.17,1601466587.613481,302.16,0,302.2,0,306.29
Coinbase,eth_usd,353.38,1601466587.931255,353.31,0,353.38,0,357.59
Coinbase,btc_usd,10690.57,1601466587.937078,10690.57,0,10690.58,0,10757.19
Coinbase,btc_usd,10690.58,1601466590.335266,10690.57,0,10690.58,0,10757.19
Coinbase,eth_usd,353.37,1601466591.361714,353.37,0,353.43,0,357.59
Coinbase,btc_eur,9145.13,1601466592.670943,9142.36,0,9145.13,0,9211.76
Coinbase,btc_eur,9142.36,1601466592.929317,9142.36,0,9145.11,0,9211.76
Coinbase,btc_eur,9142.36,1601466592.929913,9142.36,0,9145.11,0,9211.76
Coinbase,btc_eur,9142.4,1601466593.371529,9142.39,0,9145.09,0,9211.76
Coinbase,btc_eur,9142.39,1601466593.372124,9141.49,0,9145.09,0,9211.76
Coinbase,btc_eur,9141.49,1601466593.372572,9141.49,0,9145.09,0,9211.76
Coinbase,btc_usd,10690.58,1601466593.763693,10690.57,0,10690.58,0,10757.19
Coinbase,btc_usd,10690.57,1601466595.599356,10690.57,0,10690.58,0,10757.19
Coinbase,btc_eur,9144.68,1601466596.183554,9141.84,0,9144.68,0,9211.76
Coinbase,btc_usd,10690.57,1601466598.458054,10690.57,0,10690.58,0,10757.19
Coinbase,btc_usd,10690.58,1601466599.793314,10690.57,0,10690.58,0,10757.19
Coinbase,eth_eur,302.2,1601466599.79462,302.17,0,302.2,0,306.29
Coinbase,btc_usd,10690.57,1601466601.15036,10690.57,0,10690.58,0,10757.19
Coinbase,btc_eur,9142.2,1601466601.326568,9142.19,0,9144.78,0,9211.76
Coinbase,btc_eur,9142.19,1601466601.327149,9142.19,0,9144.78,0,9211.76
Coinbase,btc_usd,10690.58,1601466601.335436,10690.57,0,10690.58,0,10757.19
Coinbase,btc_eur,9142.2,1601466601.589775,9142.2,0,9144.74,0,9211.76
Coinbase,btc_eur,9142.2,1601466602.914752,9142.19,0,9144.64,0,9211.76
Coinbase,btc_eur,9142.19,1601466602.915518,9142.19,0,9144.64,0,9211.76
Coinbase,btc_usd,10690.58,1601466603.388988,10690.57,0,10690.58,0,10757.19
Coinbase,btc_eur,9140.44,1601466605.668361,9140.44,0,9144.32,0,9211.76
Coinbase,eth_usd,353.42,1601466605.680829,353.42,0,353.43,0,357.59
Coinbase,eth_usd,353.43,1601466609.67761,353.42,0,353.44,0,357.59
Coinbase,eth_usd,353.44,1601466609.678514,353.42,0,353.5,0,357.59
Coinbase,eth_usd,353.5,1601466609.678978,353.42,0,353.5,0,357.59
Coinbase,eth_eur,302.2,1601466610.331355,302.19,0,302.27,0,306.29
Coinbase,eth_eur,302.27,1601466610.332,302.19,0,302.27,0,306.29
Coinbase,btc_eur,9143.89,1601466615.163254,9141.35,0,9143.89,0,9211.76
Coinbase,eth_usd,353.58,1601466616.58938,353.54,0,353.58,0,357.59
Coinbase,btc_usd,10690.58,1601466619.279344,10690.57,0,10690.58,0,10757.19
Coinbase,eth_usd,353.51,1601466620.197352,353.51,0,353.56,0,357.59
Coinbase,btc_usd,10690.58,1601466621.102997,10690.57,0,10690.58,0,10757.19
Coinbase,btc_usd,10690.58,1601466621.675513,10690.57,0,10690.58,0,10757.19
Coinbase,eth_usd,353.51,1601466621.802282,353.51,0,353.52,0,357.59
Coinbase,eth_eur,302.27,1601466622.822667,302.23,0,302.27,0,306.29
Coinbase,btc_usd,10690.58,1601466624.485605,10690.57,0,10690.58,0,10757.19
Coinbase,eth_eur,302.37,1601466625.23149,302.23,0,302.44,0,306.29
Coinbase,eth_eur,302.44,1601466625.232761,302.23,0,302.45,0,306.29
Coinbase,eth_eur,302.45,1601466625.23385,302.23,0,302.45,0,306.29
Coinbase,btc_usd,10690.58,1601466625.779834,10690.57,0,10690.58,0,10757.19
Coinbase,btc_eur,9143.94,1601466631.054757,9141.44,0,9143.94,0,9211.76
Coinbase,btc_eur,9143.92,1601466631.13273,9141.44,0,9143.92,0,9211.76
Coinbase,btc_eur,9143.92,1601466631.134701,9141.44,0,9143.92,0,9211.76
Coinbase,btc_usd,10690.58,1601466631.139216,10690.57,0,10690.58,0,10757.19
Coinbase,btc_usd,10690.58,1601466632.012725,10690.57,0,10690.58,0,10757.19
Coinbase,btc_usd,10690.58,1601466632.128163,10690.57,0,10690.58,0,10757.19
Coinbase,btc_usd,10690.58,1601466632.128799,10690.57,0,10690.58,0,10757.19
Coinbase,btc_usd,10690.58,1601466632.1319,10690.57,0,10691.92,0,10757.19
Coinbase,eth_eur,302.45,1601466632.320981,302.38,0,302.45,0,306.29
Coinbase,btc_eur,9144.3,1601466633.021609,9141.5,0,9144.3,0,9211.76
Coinbase,btc_usd,10693.31,1601466634.035877,10693.31,0,10693.32,0,10757.19
Coinbase,btc_usd,10693.32,1601466634.655871,10693.31,0,10693.32,0,10757.19
Coinbase,btc_eur,9141.8,1601466635.481827,9141.8,0,9144.31,0,9211.76
Coinbase,btc_eur,9144.3,1601466636.713664,9141.94,0,9144.3,0,9211.76
Coinbase,eth_usd,353.78,1601466637.570468,353.77,0,353.78,0,357.59
Coinbase,btc_usd,10695.39,1601466637.588743,10695.18,0,10695.39,0,10757.19
Coinbase,btc_eur,9142.1,1601466638.316754,9142.09,0,9146.85,0,9211.76
Coinbase,btc_eur,9142.09,1601466638.317337,9141.99,0,9146.85,0,9211.76
Coinbase,btc_eur,9141.99,1601466638.318546,9141.98,0,9146.85,0,9211.76
Coinbase,btc_eur,9141.98,1601466638.319018,9141.97,0,9146.85,0,9211.76
Coinbase,btc_eur,9141.97,1601466638.320187,9141.96,0,9146.85,0,9211.76
Coinbase,btc_eur,9141.96,1601466638.320664,9141.96,0,9146.85,0,9211.76
Coinbase,btc_usd,10695.4,1601466642.791945,10695.4,0,10695.41,0,10757.19
Coinbase,btc_usd,10695.41,1601466644.118221,10695.4,0,10695.41,0,10757.19
Coinbase,btc_usd,10695.4,1601466649.294425,10695.4,0,10695.41,0,10757.19
Coinbase,btc_usd,10695.41,1601466650.35986,10695.4,0,10695.41,0,10757.19
Coinbase,eth_usd,353.78,1601466650.806998,353.77,0,353.78,0,357.59
Coinbase,eth_usd,353.78,1601466650.808258,353.77,0,353.78,0,357.59
Coinbase,eth_usd,353.78,1601466650.809299,353.77,0,353.78,0,357.59
Coinbase,btc_usd,10695.4,1601466650.894015,10695.4,0,10695.41,0,10757.19
Coinbase,eth_usd,353.77,1601466651.227845,353.77,0,353.78,0,357.59
Coinbase,eth_usd,353.77,1601466651.232503,353.77,0,353.78,0,357.59
Coinbase,eth_usd,353.77,1601466651.233025,353.77,0,353.78,0,357.59
Coinbase,btc_usd,10695.4,1601466651.392872,10695.4,0,10695.41,0,10757.19
Coinbase,eth_usd,353.65,1601466651.804191,353.6,0,353.65,0,357.59
Coinbase,eth_eur,302.55,1601466651.814228,302.41,0,302.55,0,306.29
Coinbase,btc_usd,10695.4,1601466652.39236,10695.38,0,10695.41,0,10757.19
Coinbase,btc_usd,10695.38,1601466652.39298,10695.38,0,10695.41,0,10757.19
Coinbase,btc_usd,10695.38,1601466652.430351,10695.38,0,10695.39,0,10757.19
Coinbase,btc_usd,10695.39,1601466652.97797,10695.38,0,10695.39,0,10757.19
Coinbase,btc_eur,9143.8,1601466653.049563,9143.8,0,9146.82,0,9211.76
Coinbase,btc_usd,10695.38,1601466653.421685,10695.38,0,10695.39,0,10757.19
Coinbase,btc_usd,10695.39,1601466653.57974,10695.38,0,10695.39,0,10757.19
Coinbase,btc_usd,10695.38,1601466653.78797,10695.38,0,10695.39,0,10757.19
Coinbase,btc_usd,10695.39,1601466654.375168,10695.38,0,10695.39,0,10757.19
Coinbase,btc_usd,10695.38,1601466654.409505,10695.38,0,10695.39,0,10757.19
Coinbase,btc_usd,10695.38,1601466654.411978,10693.26,0,10695.39,0,10757.19
Coinbase,btc_usd,10691.76,1601466659.054677,10691.75,0,10691.76,0,10757.19
Coinbase,btc_usd,10691.76,1601466660.033586,10691.75,0,10691.76,0,10757.19
Coinbase,btc_usd,10691.76,1601466660.625292,10691.75,0,10691.76,0,10757.19
Coinbase,btc_usd,10691.76,1601466661.961201,10691.75,0,10691.76,0,10757.19
Coinbase,btc_usd,10691.75,1601466662.991999,10691.75,0,10691.76,0,10757.19
Coinbase,btc_usd,10691.76,1601466663.855016,10691.75,0,10691.76,0,10757.19
Coinbase,btc_usd,10691.62,1601466668.022584,10691.61,0,10691.62,0,10757.19
Coinbase,eth_usd,353.63,1601466669.296192,353.62,0,353.63,0,357.59
Coinbase,btc_usd,10691.62,1601466670.329154,10691.61,0,10691.62,0,10757.19
Coinbase,btc_usd,10691.62,1601466670.330375,10691.61,0,10691.62,0,10757.19
Coinbase,btc_usd,10691.62,1601466670.331183,10691.61,0,10691.62,0,10757.19
Coinbase,eth_usd,353.63,1601466673.670539,353.62,0,353.63,0,357.59
Coinbase,btc_usd,10691.59,1601466675.154336,10691.59,0,10691.6,0,10757.19
Coinbase,btc_eur,9145.68,1601466676.041363,9142.55,0,9145.68,0,9211.76
Coinbase,btc_eur,9145.66,1601466677.400321,9142.55,0,9145.67,0,9211.76
Coinbase,btc_eur,9145.67,1601466677.402973,9142.55,0,9145.67,0,9211.76
Coinbase,btc_eur,9146.33,1601466678.09372,9142.57,0,9146.33,0,9211.76
Coinbase,eth_usd,353.63,1601466679.019556,353.62,0,353.63,0,357.59
Coinbase,btc_eur,9142.57,1601466679.129254,9142.57,0,9146.33,0,9211.76
Coinbase,btc_eur,9142.57,1601466679.129849,9142.57,0,9146.33,0,9211.76
Coinbase,btc_eur,9142.57,1601466679.130302,9142.56,0,9146.33,0,9211.76
Coinbase,btc_eur,9142.56,1601466679.13075,9142.56,0,9146.33,0,9211.76
Coinbase,btc_eur,9142.77,1601466683.010813,9142.77,0,9145.8,0,9211.76
Coinbase,btc_usd,10691.49,1601466684.063387,10691.48,0,10691.49,0,10757.19
Coinbase,btc_usd,10691.48,1601466684.642398,10691.48,0,10691.49,0,10757.19
Coinbase,btc_eur,9145.42,1601466684.856754,9142.83,0,9145.42,0,9211.76
Coinbase,eth_usd,353.65,1601466685.099862,353.65,0,353.66,0,357.59
Coinbase,btc_usd,10691.49,1601466686.263604,10691.48,0,10691.49,0,10757.19
Coinbase,eth_eur,302.26,1601466686.891373,302.26,0,302.54,0,306.29
Coinbase,eth_eur,302.26,1601466686.89392,302.25,0,302.54,0,306.29
Coinbase,eth_eur,302.25,1601466686.894542,302.25,0,302.54,0,306.29
Coinbase,btc_usd,10691.49,1601466687.719352,10691.48,0,10691.49,0,10757.19
Coinbase,eth_eur,302.53,1601466688.69283,302.25,0,302.53,0,306.29
Coinbase,eth_eur,302.53,1601466689.12293,302.25,0,302.53,0,306.29
Coinbase,btc_usd,10691.49,1601466690.190471,10691.48,0,10691.49,0,10757.19
Coinbase,btc_usd,10691.49,1601466690.829751,10691.48,0,10691.49,0,10757.19
Coinbase,btc_usd,10691.49,1601466691.801436,10691.48,0,10691.49,0,10757.19
Coinbase,btc_usd,10691.49,1601466692.350552,10691.48,0,10691.49,0,10757.19
Coinbase,btc_usd,10691.49,1601466694.04319,10691.48,0,10691.49,0,10757.19
Coinbase,btc_usd,10693.29,1601466698.962419,10692.33,0,10693.29,0,10757.19
Coinbase,btc_usd,10692.89,1601466699.372151,10692.4,0,10692.89,0,10757.19
Coinbase,btc_usd,10693.16,1601466700.614356,10693.15,0,10693.16,0,10757.19
Coinbase,eth_usd,353.66,1601466702.398106,353.65,0,353.66,0,357.59
Coinbase,eth_usd,353.66,1601466703.093152,353.65,0,353.66,0,357.59
Coinbase,eth_eur,302.38,1601466703.094328,302.38,0,302.63,0,306.29
Coinbase,btc_usd,10693.26,1601466703.353254,10692.53,0,10693.26,0,10757.19
Coinbase,btc_usd,10693.23,1601466703.613991,10692.59,0,10693.23,0,10757.19
Coinbase,eth_usd,353.66,1601466704.62661,353.65,0,353.66,0,357.59
Coinbase,eth_usd,353.77,1601466705.190038,353.77,0,353.83,0,357.59
Coinbase,eth_usd,353.79,1601466707.001858,353.74,0,353.79,0,357.59
Coinbase,eth_usd,353.79,1601466707.245699,353.75,0,353.79,0,357.59
Coinbase,eth_eur,302.63,1601466709.738675,302.53,0,302.63,0,306.29
Coinbase,btc_usd,10694.05,1601466712.729302,10693.09,0,10694.05,0,10757.19
Coinbase,btc_eur,9143.63,1601466713.202587,9143.63,0,9145.13,0,9211.76
Coinbase,btc_eur,9142.96,1601466714.008162,9142.96,0,9145.13,0,9211.76
Coinbase,btc_usd,10693.09,1601466715.45236,10693.07,0,10693.1,0,10757.19
Coinbase,btc_usd,10693.07,1601466715.453172,10693.07,0,10693.1,0,10757.19
Coinbase,btc_eur,9145.06,1601466717.416721,9143.41,0,9145.07,0,9211.76
Coinbase,btc_eur,9145.07,1601466717.417407,9143.41,0,9145.07,0,9211.76
Coinbase,btc_usd,10693.19,1601466719.284277,10692.57,0,10693.19,0,10757.19
Coinbase,btc_usd,10693.15,1601466719.431461,10692.62,0,10693.15,0,10757.19
Coinbase,eth_usd,353.79,1601466719.710668,353.78,0,353.79,0,357.59
Coinbase,btc_usd,10692.65,1601466720.933987,10692.65,0,10693.04,0,10757.19
Coinbase,btc_eur,9145.07,1601466720.960912,9143.85,0,9145.07,0,9211.76
Coinbase,btc_usd,10693.19,1601466722.024772,10692.65,0,10693.19,0,10757.19
Coinbase,btc_eur,9144.17,1601466725.691742,9144.17,0,9145.07,0,9211.76
Coinbase,btc_eur,9144.17,1601466726.825438,9144.16,0,9145.07,0,9211.76
Coinbase,btc_eur,9144.16,1601466726.829909,9144.16,0,9145.07,0,9211.76
Coinbase,btc_usd,10692.66,1601466726.969444,10692.65,0,10692.66,0,10757.19
Coinbase,btc_usd,10692.66,1601466726.970062,10692.65,0,10692.66,0,10757.19
Coinbase,btc_eur,9145.07,1601466726.974845,9144.16,0,9145.07,0,9211.76
Coinbase,btc_usd,10692.66,1601466727.82916,10692.65,0,10692.66,0,10757.19
Coinbase,btc_eur,9145.07,1601466728.260209,9144.18,0,9145.07,0,9211.76
Coinbase,btc_eur,9144.19,1601466729.197677,9143.43,0,9145.07,0,9211.76
Coinbase,eth_eur,302.52,1601466729.203516,302.35,0,302.56,0,306.29
Coinbase,eth_usd,353.65,1601466729.224095,353.65,0,353.66,0,357.59
Coinbase,eth_usd,353.65,1601466729.224611,353.65,0,353.66,0,357.59
Coinbase,btc_usd,10692.65,1601466729.316061,10692.65,0,10692.66,0,10757.19
Coinbase,btc_usd,10692.65,1601466729.320256,10692.65,0,10692.66,0,10757.19
Coinbase,btc_usd,10692.65,1601466729.326802,10692.63,0,10692.66,0,10757.19
Coinbase,btc_usd,10692.63,1601466729.327298,10692.63,0,10692.66,0,10757.19
Coinbase,btc_usd,10692.63,1601466729.48136,10690.88,0,10692.64,0,10757.19
Coinbase,btc_usd,10690.88,1601466729.486206,10690.88,0,10692.64,0,10757.19
Coinbase,btc_usd,10689.28,1601466730.037011,10689.28,0,10689.29,0,10757.19
Coinbase,btc_usd,10689.28,1601466730.037678,10689.28,0,10689.29,0,10757.19
Coinbase,eth_usd,353.45,1601466730.248466,353.37,0,353.46,0,357.59
Coinbase,btc_usd,10689.29,1601466730.524877,10689.28,0,10689.29,0,10757.19
Coinbase,btc_usd,10689.29,1601466730.782413,10689.28,0,10689.29,0,10757.19
Coinbase,btc_usd,10689.28,1601466731.247531,10687.6,0,10689.29,0,10757.19
Coinbase,btc_usd,10687.6,1601466731.24818,10687.6,0,10689.29,0,10757.19
Coinbase,eth_usd,353.37,1601466731.468746,353.37,0,353.38,0,357.59
Coinbase,eth_usd,353.45,1601466735.98857,353.44,0,353.45,0,357.59
Coinbase,eth_usd,353.45,1601466736.526446,353.44,0,353.45,0,357.59
Coinbase,eth_usd,353.45,1601466736.81696,353.44,0,353.45,0,357.59
Coinbase,btc_usd,10689.73,1601466740.391921,10689.23,0,10689.73,0,10757.19
Coinbase,btc_eur,9144.69,1601466741.963909,9141.39,0,9144.69,0,9211.76
Coinbase,eth_usd,353.48,1601466742.481577,353.48,0,353.49,0,357.59
Coinbase,eth_eur,302.13,1601466743.286316,302.13,0,302.35,0,306.29
Coinbase,eth_eur,302.35,1601466745.929864,302.15,0,302.35,0,306.29
Coinbase,btc_usd,10689.27,1601466747.307399,10688.6,0,10689.27,0,10757.19
Coinbase,eth_usd,353.49,1601466747.460232,353.48,0,353.49,0,357.59
Coinbase,eth_usd,353.49,1601466747.462581,353.48,0,353.49,0,357.59
Coinbase,btc_eur,9141.39,1601466751.95501,9140.76,0,9144.47,0,9211.76
Coinbase,btc_eur,9140.76,1601466751.956311,9140.76,0,9144.47,0,9211.76
Coinbase,btc_eur,9144.33,1601466753.75293,9140.78,0,9144.33,0,9211.76
Coinbase,btc_usd,10688.34,1601466754.828601,10688.34,0,10689.55,0,10757.19
Coinbase,btc_eur,9140.78,1601466757.088316,9140.78,0,9144.19,0,9211.76
Coinbase,btc_eur,9140.78,1601466758.923168,9140.78,0,9144.19,0,9211.76
Coinbase,btc_eur,9144.15,1601466759.00403,9140.78,0,9144.15,0,9211.76
Coinbase,btc_eur,9139.16,1601466759.8089,9139.16,0,9143.81,0,9211.76
Coinbase,btc_usd,10689.56,1601466761.319582,10689.55,0,10689.56,0,10757.19
Coinbase,btc_usd,10689.59,1601466761.52559,10689.38,0,10689.59,0,10757.19
Coinbase,btc_usd,10688.53,1601466762.287394,10688.53,0,10689.59,0,10757.19
Coinbase,btc_eur,9142.99,1601466762.410874,9140.05,0,9142.99,0,9211.76
Coinbase,btc_eur,9142.99,1601466763.078079,9140.13,0,9142.99,0,9211.76
Coinbase,btc_usd,10689.58,1601466765.483699,10688.52,0,10689.58,0,10757.19
Coinbase,eth_eur,302.13,1601466765.700159,302.13,0,302.35,0,306.29
Coinbase,eth_usd,353.43,1601466766.266397,353.43,0,353.47,0,357.59
Coinbase,btc_eur,9142.99,1601466769.563819,9140.62,0,9144.18,0,9211.76
Coinbase,btc_eur,9144.18,1601466769.566296,9140.62,0,9144.18,0,9211.76
Coinbase,btc_usd,10688.24,1601466771.377599,10688.24,0,10689.01,0,10757.19
Coinbase,btc_usd,10689.01,1601466772.997873,10688.24,0,10689.01,0,10757.19
Coinbase,btc_usd,10689.01,1601466774.171487,10688.24,0,10689.06,0,10757.19
Coinbase,btc_usd,10689.06,1601466774.175669,10688.24,0,10689.06,0,10757.19
Coinbase,btc_usd,10689.06,1601466774.702841,10689.05,0,10689.06,0,10757.19
Coinbase,eth_eur,302.34,1601466775.341324,302.1,0,302.34,0,306.29
Coinbase,btc_usd,10689.05,1601466776.647359,10689.05,0,10689.06,0,10757.19
Coinbase,btc_usd,10689.06,1601466778.796971,10689.05,0,10689.06,0,10757.19
Coinbase,eth_usd,353.45,1601466780.757027,353.41,0,353.45,0,357.59
Coinbase,eth_usd,353.41,1601466781.132189,353.41,0,353.45,0,357.59
Coinbase,btc_eur,9144.17,1601466783.264993,9140.96,0,9144.17,0,9211.76
Coinbase,eth_usd,353.42,1601466784.100993,353.36,0,353.42,0,357.59
Coinbase,btc_usd,10689.06,1601466784.117825,10688.5,0,10689.06,0,10757.19
Coinbase,btc_usd,10688.37,1601466787.729263,10687.89,0,10688.37,0,10757.19
Coinbase,btc_eur,9140.96,1601466791.127127,9140.96,0,9144.02,0,9211.76
Coinbase,btc_usd,10689.57,1601466792.798175,10688.42,0,10689.57,0,10757.19
Coinbase,btc_eur,9143.94,1601466796.990429,9141.1,0,9143.94,0,9211.76
Coinbase,btc_usd,10688.74,1601466797.910793,10688.73,0,10688.74,0,10757.19
Coinbase,btc_usd,10689.06,1601466803.372438,10688.53,0,10689.06,0,10757.19
Coinbase,btc_eur,9144.09,1601466803.56982,9141.1,0,9144.09,0,9211.76
Coinbase,btc_usd,10689.05,1601466803.788444,10688.53,0,10689.05,0,10757.19
Coinbase,btc_usd,10689.05,1601466803.930474,10688.54,0,10689.05,0,10757.19
Coinbase,eth_usd,353.44,1601466806.371469,353.43,0,353.44,0,357.59
Coinbase,btc_usd,10689.05,1601466807.994932,10688.54,0,10689.05,0,10757.19
Coinbase,btc_usd,10689.59,1601466813.363135,10689.58,0,10689.59,0,10757.19
Coinbase,eth_eur,302.17,1601466813.656023,302.17,0,302.35,0,306.29
Coinbase,btc_usd,10689.59,1601466814.636394,10689.58,0,10689.59,0,10757.19
Coinbase,btc_usd,10689.59,1601466815.433926,10689.58,0,10689.59,0,10757.19
Coinbase,btc_usd,10689.59,1601466817.436633,10689.58,0,10689.59,0,10757.19
Coinbase,btc_usd,10690.46,1601466818.859466,10690.46,0,10690.47,0,10757.19
Coinbase,btc_usd,10690.47,1601466819.009902,10690.46,0,10690.47,0,10757.19
Coinbase,btc_usd,10690.47,1601466819.514095,10690.46,0,10690.47,0,10757.19
Coinbase,btc_usd,10690.47,1601466820.140722,10690.46,0,10690.47,0,10757.19
Coinbase,eth_usd,353.54,1601466824.154709,353.52,0,353.54,0,357.59
Coinbase,eth_eur,302.43,1601466824.334693,302.18,0,302.43,0,306.29
Coinbase,eth_usd,353.52,1601466825.028639,353.51,0,353.54,0,357.59
Coinbase,eth_usd,353.51,1601466825.029293,353.51,0,353.54,0,357.59
Coinbase,eth_usd,353.51,1601466825.029736,353.51,0,353.54,0,357.59
Coinbase,btc_usd,10690.47,1601466825.228292,10690.46,0,10690.47,0,10757.19
Coinbase,btc_eur,9143.99,1601466829.324562,9142.12,0,9143.99,0,9211.76
Coinbase,eth_usd,353.43,1601466832.557795,353.27,0,353.44,0,357.59
Coinbase,btc_eur,9143.8,1601466833.64244,9140.04,0,9143.8,0,9211.76
Coinbase,btc_eur,9143.69,1601466834.4146,9140.88,0,9143.69,0,9211.76
Coinbase,eth_eur,302.32,1601466835.953227,302.07,0,302.38,0,306.29
Coinbase,eth_eur,302.33,1601466835.975505,302.08,0,302.39,0,306.29
Coinbase,btc_usd,10687.84,1601466837.010137,10687.84,0,10687.85,0,10757.19
Coinbase,eth_usd,353.34,1601466837.259823,353.34,0,353.38,0,357.59
Coinbase,eth_eur,302.36,1601466838.167034,302.13,0,302.37,0,306.29
Coinbase,eth_eur,302.37,1601466838.167708,302.13,0,302.37,0,306.29
Coinbase,eth_eur,302.37,1601466838.168767,302.13,0,302.37,0,306.29
Coinbase,eth_usd,353.36,1601466838.825997,353.35,0,353.36,0,357.59
Coinbase,btc_eur,9143.47,1601466838.884852,9140.06,0,9143.47,0,9211.76
Coinbase,btc_usd,10687.85,1601466839.350793,10687.84,0,10687.85,0,10757.19
Coinbase,btc_usd,10687.84,1601466840.104145,10687.84,0,10687.85,0,10757.19
Coinbase,btc_usd,10687.85,1601466846.344338,10687.84,0,10687.85,0,10757.19
Coinbase,btc_usd,10687.85,1601466847.333983,10687.84,0,10687.85,0,10757.19
Coinbase,btc_eur,9143.17,1601466848.556729,9140.08,0,9143.18,0,9211.76
Coinbase,btc_eur,9143.18,1601466848.557397,9140.08,0,9143.18,0,9211.76
Coinbase,btc_usd,10688.65,1601466849.948935,10688.58,0,10688.65,0,10757.19
Coinbase,btc_usd,10688.64,1601466850.334143,10688.58,0,10688.64,0,10757.19
Coinbase,btc_usd,10688.64,1601466850.334836,10688.58,0,10688.64,0,10757.19
Coinbase,btc_eur,9143.36,1601466850.341593,9140.19,0,9143.36,0,9211.76
Coinbase,btc_usd,10688.63,1601466850.512839,10688.58,0,10688.63,0,10757.19
Coinbase,btc_eur,9143.36,1601466850.52978,9140.21,0,9143.36,0,9211.76
Coinbase,btc_usd,10688.64,1601466851.621303,10688.63,0,10688.64,0,10757.19
Coinbase,eth_usd,353.43,1601466851.731125,353.42,0,353.43,0,357.59
Coinbase,eth_usd,353.35,1601466852.771082,353.31,0,353.35,0,357.59
Coinbase,btc_eur,9140.39,1601466853.070961,9140.39,0,9143.65,0,9211.76
Coinbase,btc_eur,9140.39,1601466853.314438,9140.39,0,9143.63,0,9211.76
Coinbase,btc_usd,10688.63,1601466854.223834,10688.63,0,10688.64,0,10757.19
Coinbase,eth_usd,353.36,1601466855.862372,353.36,0,353.41,0,357.59
Coinbase,btc_usd,10688.63,1601466855.902399,10688.63,0,10688.64,0,10757.19
Coinbase,btc_usd,10688.64,1601466857.502511,10688.63,0,10688.64,0,10757.19
Coinbase,btc_usd,10688.65,1601466858.877888,10688.64,0,10688.65,0,10757.19
Coinbase,btc_eur,9143.63,1601466859.02954,9140.49,0,9143.63,0,9211.76
Coinbase,btc_usd,10688.65,1601466860.195,10688.64,0,10688.65,0,10757.19
Coinbase,btc_usd,10688.65,1601466865.058559,10688.64,0,10688.65,0,10757.19
Coinbase,btc_usd,10688.65,1601466865.135239,10688.64,0,10688.65,0,10757.19
Coinbase,btc_usd,10689.47,1601466866.6434,10689.46,0,10689.47,0,10757.19
Coinbase,btc_eur,9143.9,1601466868.012561,9140.78,0,9143.9,0,9211.76
Coinbase,eth_usd,353.54,1601466868.469292,353.53,0,353.54,0,357.59
Coinbase,btc_usd,10689.51,1601466872.513739,10689.51,0,10690.07,0,10757.19
Coinbase,eth_usd,353.6,1601466872.514367,353.57,0,353.6,0,357.59
Coinbase,btc_eur,9143.99,1601466872.51481,9141.17,0,9143.99,0,9211.76
Coinbase,btc_eur,9141.19,1601466872.716209,9141.19,0,9143.97,0,9211.76
Coinbase,btc_usd,10690.02,1601466872.749397,10690.02,0,10690.03,0,10757.19
Coinbase,btc_eur,9141.22,1601466873.65727,9141.22,0,9143.97,0,9211.76
Coinbase,btc_eur,9141.22,1601466873.657913,9141.22,0,9143.97,0,9211.76
Coinbase,btc_eur,9141.32,1601466874.33865,9141.32,0,9143.99,0,9211.76
Coinbase,btc_eur,9143.99,1601466875.937026,9141.38,0,9143.99,0,9211.76
Coinbase,btc_usd,10690.47,1601466876.608011,10690.46,0,10690.47,0,10757.19
Coinbase,btc_usd,10690.69,1601466881.521805,10690.68,0,10690.69,0,10757.19
Coinbase,btc_eur,9143.99,1601466883.531094,9141.55,0,9143.99,0,9211.76
Coinbase,btc_eur,9141.55,1601466884.270566,9141.55,0,9143.99,0,9211.76
Coinbase,eth_usd,353.58,1601466887.630356,353.57,0,353.58,0,357.59
Coinbase,btc_usd,10690.68,1601466888.177788,10690.68,0,10690.69,0,10757.19
Coinbase,btc_usd,10690.44,1601466892.217144,10689.94,0,10690.44,0,10757.19
Coinbase,btc_usd,10690.44,1601466893.714048,10689.94,0,10690.44,0,10757.19
Coinbase,btc_usd,10690.01,1601466895.012734,10690.0,0,10690.01,0,10757.19
Coinbase,btc_usd,10690.01,1601466895.017893,10690.0,0,10690.01,0,10757.19
Coinbase,btc_usd,10690.01,1601466896.40591,10690.0,0,10690.01,0,10757.19
Coinbase,btc_eur,9141.34,1601466900.670851,9141.34,0,9143.73,0,9211.76
Coinbase,btc_usd,10690.0,1601466900.950453,10690.0,0,10690.01,0,10757.19
Coinbase,eth_eur,302.28,1601466901.436857,302.28,0,302.49,0,306.29
Coinbase,btc_eur,9141.34,1601466901.989667,9141.34,0,9143.73,0,9211.76
Coinbase,btc_usd,10690.01,1601466902.45547,10690.0,0,10690.01,0,10757.19
Coinbase,btc_usd,10690.01,1601466902.918978,10690.0,0,10690.01,0,10757.19
Coinbase,btc_eur,9141.36,1601466903.640414,9141.36,0,9143.73,0,9211.76
Coinbase,btc_eur,9141.36,1601466903.647069,9141.36,0,9143.73,0,9211.76
Coinbase,btc_eur,9143.73,1601466906.963068,9141.42,0,9143.73,0,9211.76
Coinbase,btc_usd,10690.01,1601466907.212939,10690.0,0,10690.01,0,10757.19
Coinbase,btc_usd,10690.01,1601466908.849595,10690.0,0,10690.01,0,10757.19
Coinbase,btc_usd,10690.01,1601466909.298018,10690.0,0,10690.01,0,10757.19
Coinbase,eth_usd,353.58,1601466910.366513,353.57,0,353.58,0,357.59
Coinbase,btc_usd,10690.71,1601466911.4548,10690.7,0,10690.71,0,10757.19
Coinbase,btc_usd,10690.71,1601466911.516833,10690.7,0,10690.71,0,10757.19
Coinbase,btc_eur,9143.99,1601466913.19105,9141.92,0,9143.99,0,9211.76
Coinbase,eth_usd,353.57,1601466914.359303,353.57,0,353.58,0,357.59
Coinbase,btc_eur,9141.29,1601466918.246459,9141.29,0,9143.99,0,9211.76
Coinbase,btc_usd,10690.98,1601466922.93253,10690.7,0,10690.98,0,10757.19
Coinbase,btc_usd,10691.36,1601466923.28242,10691.35,0,10691.36,0,10757.19
Coinbase,btc_eur,9141.82,1601466923.334599,9141.82,0,9144.0,0,9211.76
Coinbase,eth_usd,353.58,1601466927.54722,353.57,0,353.58,0,357.59
Coinbase,btc_usd,10692.13,1601466928.577887,10691.37,0,10692.16,0,10757.19
Coinbase,btc_usd,10692.16,1601466928.582245,10691.37,0,10692.16,0,10757.19
Coinbase,btc_usd,10692.24,1601466928.895068,10691.43,0,10692.24,0,10757.19
Coinbase,btc_usd,10691.84,1601466929.077627,10691.47,0,10691.84,0,10757.19
Coinbase,btc_eur,9144.0,1601466929.568696,9142.65,0,9146.36,0,9211.76
Coinbase,btc_eur,9146.36,1601466929.569342,9142.65,0,9146.44,0,9211.76
Coinbase,btc_eur,9146.44,1601466929.570419,9142.65,0,9146.8,0,9211.76
Coinbase,btc_eur,9146.8,1601466929.571488,9142.65,0,9146.8,0,9211.76
Coinbase,btc_usd,10693.22,1601466934.039049,10693.22,0,10693.56,0,10757.19
Coinbase,btc_usd,10693.22,1601466934.486096,10693.22,0,10693.55,0,10757.19
Coinbase,btc_usd,10693.22,1601466934.623917,10693.22,0,10693.55,0,10757.19
Coinbase,btc_usd,10693.55,1601466934.866255,10693.22,0,10693.55,0,10757.19
Coinbase,eth_eur,302.5,1601466936.024327,302.35,0,302.6,0,306.29
Coinbase,eth_eur,302.6,1601466936.025014,302.35,0,302.6,0,306.29
Coinbase,btc_usd,10693.14,1601466936.769592,10693.14,0,10693.15,0,10757.19
Coinbase,btc_usd,10693.15,1601466938.556086,10693.14,0,10693.15,0,10757.19
Coinbase,eth_usd,353.58,1601466939.979924,353.57,0,353.58,0,357.59
Coinbase,eth_usd,353.58,1601466939.996102,353.57,0,353.68,0,357.59
Coinbase,eth_usd,353.6,1601466941.755735,353.59,0,353.6,0,357.59
Coinbase,btc_usd,10693.15,1601466942.337967,10693.14,0,10693.15,0,10757.19
Coinbase,btc_eur,9144.49,1601466943.868432,9144.49,0,9146.0,0,9211.76
Coinbase,btc_usd,10693.15,1601466946.575645,10693.14,0,10693.15,0,10757.19
Coinbase,btc_usd,10693.15,1601466951.931085,10693.14,0,10693.15,0,10757.19
Coinbase,btc_usd,10693.15,1601466952.103662,10693.14,0,10693.15,0,10757.19
Coinbase,btc_usd,10693.14,1601466953.987185,10693.14,0,10693.15,0,10757.19
Coinbase,eth_eur,302.49,1601466959.630398,302.29,0,302.49,0,306.29
Coinbase,btc_usd,10693.15,1601466959.873728,10693.14,0,10693.15,0,10757.19
Coinbase,btc_usd,10693.14,1601466960.721724,10690.87,0,10693.15,0,10757.19
Coinbase,btc_usd,10690.87,1601466960.722414,10690.87,0,10693.15,0,10757.19
Coinbase,btc_usd,10691.58,1601466961.234138,10691.58,0,10692.46,0,10757.19
Coinbase,btc_usd,10692.43,1601466961.490201,10691.6,0,10692.43,0,10757.19
Coinbase,btc_usd,10692.4,1601466961.937476,10691.6,0,10692.4,0,10757.19
Coinbase,btc_usd,10691.18,1601466965.890675,10691.18,0,10691.49,0,10757.19
Coinbase,btc_eur,9145.99,1601466966.572997,9143.51,0,9145.99,0,9211.76
Coinbase,btc_usd,10690.66,1601466968.20528,10690.65,0,10690.66,0,10757.19
Coinbase,btc_usd,10690.66,1601466968.362422,10690.65,0,10690.66,0,10757.19
Coinbase,eth_usd,353.53,1601466968.834169,353.48,0,353.53,0,357.59
Coinbase,btc_usd,10690.65,1601466970.314574,10690.65,0,10690.66,0,10757.19
Coinbase,btc_usd,10690.46,1601466970.554944,10690.0,0,10690.46,0,10757.19
Coinbase,btc_usd,10690.66,1601466970.816606,10690.02,0,10690.66,0,10757.19
Coinbase,btc_usd,10690.41,1601466971.043643,10690.4,0,10690.41,0,10757.19
Coinbase,eth_usd,353.48,1601466971.199221,353.48,0,353.49,0,357.59
Coinbase,eth_usd,353.48,1601466971.201488,353.48,0,353.49,0,357.59
Coinbase,eth_usd,353.48,1601466971.219882,353.36,0,353.49,0,357.59
Coinbase,btc_usd,10690.0,1601466971.301716,10690.0,0,10690.01,0,10757.19
Coinbase,btc_usd,10690.0,1601466971.344124,10688.6,0,10690.01,0,10757.19
Coinbase,btc_eur,9140.42,1601466973.780714,9140.42,0,9145.61,0,9211.76
Coinbase,eth_usd,353.46,1601466976.338287,353.39,0,353.46,0,357.59
Coinbase,btc_usd,10687.76,1601466978.154394,10687.36,0,10687.76,0,10757.19
Coinbase,btc_usd,10687.76,1601466978.155101,10687.36,0,10687.76,0,10757.19
Coinbase,btc_usd,10687.37,1601466979.229199,10687.36,0,10687.76,0,10757.19
Coinbase,btc_usd,10687.36,1601466979.229893,10687.36,0,10687.76,0,10757.19
Coinbase,eth_usd,353.4,1601466980.886281,353.28,0,353.4,0,357.59
Coinbase,eth_usd,353.37,1601466981.040351,353.31,0,353.37,0,357.59
Coinbase,btc_eur,9144.94,1601466981.251382,9140.41,0,9144.95,0,9211.76
Coinbase,btc_eur,9144.95,1601466981.251868,9140.41,0,9144.95,0,9211.76
Coinbase,btc_eur,9144.94,1601466982.635517,9140.44,0,9144.94,0,9211.76
Coinbase,btc_usd,10687.41,1601466982.677248,10687.36,0,10687.41,0,10757.19
Coinbase,btc_usd,10687.76,1601466983.79255,10687.75,0,10687.76,0,10757.19
Coinbase,btc_usd,10687.76,1601466983.979111,10687.75,0,10687.76,0,10757.19
Coinbase,btc_eur,9140.44,1601466984.444105,9140.44,0,9144.88,0,9211.76
Coinbase,btc_eur,9140.45,1601466985.303486,9140.45,0,9144.88,0,9211.76
Coinbase,eth_usd,353.46,1601466986.739868,353.41,0,353.46,0,357.59
Coinbase,btc_eur,9140.69,1601466988.527238,9140.69,0,9144.84,0,9211.76
Coinbase,btc_usd,10688.33,1601466988.788638,10688.32,0,10688.33,0,10757.19
Coinbase,eth_usd,353.49,1601466990.448197,353.46,0,353.49,0,357.59
Coinbase,btc_usd,10688.32,1601466993.054711,10688.32,0,10688.33,0,10757.19
Coinbase,btc_usd,10688.33,1601466993.087461,10688.32,0,10688.33,0,10757.19
Coinbase,btc_usd,10687.42,1601466993.330566,10687.42,0,10688.33,0,10757.19
Coinbase,eth_usd,353.42,1601466993.87542,353.41,0,353.42,0,357.59
Coinbase,btc_eur,9140.92,1601466994.415727,9140.92,0,9143.0,0,9211.76
Coinbase,btc_eur,9143.0,1601466995.935917,9140.96,0,9143.0,0,9211.76
Coinbase,eth_usd,353.45,1601466996.836825,353.44,0,353.45,0,357.59
Coinbase,btc_eur,9143.0,1601466996.852383,9140.96,0,9143.0,0,9211.76
Coinbase,btc_usd,10688.33,1601466997.34578,10688.32,0,10688.33,0,10757.19
Coinbase,btc_usd,10688.33,1601466998.478333,10688.32,0,10688.33,0,10757.19
Coinbase,btc_usd,10688.33,1601466998.786753,10688.32,0,10688.33,0,10757.19
Coinbase,btc_usd,10688.33,1601466998.82355,10688.32,0,10688.33,0,10757.19
Coinbase,btc_usd,10688.32,1601466999.584854,10688.32,0,10688.33,0,10757.19
Coinbase,eth_usd,353.45,1601467000.965059,353.44,0,353.45,0,357.59
Coinbase,eth_usd,353.45,1601467002.149195,353.44,0,353.45,0,357.59
Coinbase,eth_usd,353.45,1601467002.511285,353.44,0,353.45,0,357.59
Coinbase,btc_eur,9143.0,1601467004.03799,9141.11,0,9143.0,0,9211.76
Coinbase,btc_usd,10688.4,1601467007.24619,10688.39,0,10688.4,0,10757.19
Coinbase,eth_usd,353.44,1601467008.214409,353.44,0,353.45,0,357.59
Coinbase,eth_usd,353.44,1601467008.216424,353.28,0,353.45,0,357.59
Coinbase,eth_usd,353.28,1601467008.217037,353.28,0,353.45,0,357.59
Coinbase,eth_usd,353.42,1601467008.356832,353.36,0,353.42,0,357.59
Coinbase,eth_usd,353.55,1601467013.19443,353.51,0,353.55,0,357.59
Coinbase,eth_eur,302.51,1601467013.897937,302.29,0,302.51,0,306.29
Coinbase,eth_usd,353.48,1601467014.859807,353.47,0,353.48,0,357.59
Coinbase,btc_usd,10690.12,1601467015.42809,10689.17,0,10690.12,0,10757.19
Coinbase,eth_usd,353.47,1601467015.961416,353.47,0,353.48,0,357.59
Coinbase,eth_usd,353.47,1601467015.962082,353.47,0,353.48,0,357.59
Coinbase,btc_usd,10690.88,1601467021.036302,10690.87,0,10690.88,0,10757.19
Coinbase,btc_usd,10690.92,1601467023.269726,10690.27,0,10690.92,0,10757.19
Coinbase,eth_usd,353.46,1601467025.359677,353.45,0,353.46,0,357.59
Coinbase,btc_usd,10690.63,1601467025.653972,10690.34,0,10690.63,0,10757.19
Coinbase,btc_eur,9143.0,1601467026.451755,9142.38,0,9143.0,0,9211.76
Coinbase,btc_usd,10690.49,1601467027.18781,10690.48,0,10690.49,0,10757.19
Coinbase,btc_usd,10690.49,1601467028.858382,10690.48,0,10690.49,0,10757.19
Coinbase,btc_usd,10690.49,1601467031.742013,10690.48,0,10691.06,0,10757.19
Coinbase,btc_usd,10690.48,1601467031.750806,10690.48,0,10691.06,0,10757.19
Coinbase,btc_eur,9142.52,1601467033.912413,9142.52,0,9143.0,0,9211.76
Coinbase,btc_usd,10690.83,1601467034.473189,10690.48,0,10690.83,0,10757.19
Coinbase,btc_usd,10690.83,1601467037.204165,10690.48,0,10690.83,0,10757.19
Coinbase,btc_usd,10690.83,1601467038.288987,10690.48,0,10690.83,0,10757.19
Coinbase,btc_usd,10690.48,1601467038.299369,10690.48,0,10690.83,0,10757.19
Coinbase,btc_usd,10690.48,1601467038.301527,10688.9,0,10690.83,0,10757.19
Coinbase,btc_usd,10688.9,1601467038.302187,10688.9,0,10690.83,0,10757.19
Coinbase,btc_usd,10690.82,1601467038.332011,10689.37,0,10690.82,0,10757.19
Coinbase,btc_usd,10690.51,1601467038.395504,10689.42,0,10690.51,0,10757.19
Coinbase,btc_usd,10690.49,1601467041.273248,10690.48,0,10690.49,0,10757.19
Coinbase,btc_usd,10690.49,1601467042.458506,10690.48,0,10690.49,0,10757.19
Coinbase,btc_eur,9143.0,1601467043.359561,9141.88,0,9143.0,0,9211.76
Coinbase,btc_usd,10690.49,1601467043.556435,10690.48,0,10690.49,0,10757.19
Coinbase,btc_usd,10690.49,1601467043.788312,10690.48,0,10690.49,0,10757.19
Coinbase,btc_usd,10690.48,1601467044.048569,10690.48,0,10690.49,0,10757.19
Coinbase,eth_usd,353.44,1601467044.164563,353.44,0,353.5,0,357.59
Coinbase,btc_eur,9143.0,1601467046.086201,9142.99,0,9143.0,0,9211.76
Coinbase,btc_usd,10689.35,1601467047.170777,10687.89,0,10689.82,0,10757.19
Coinbase,btc_usd,10687.89,1601467047.17151,10687.89,0,10689.82,0,10757.19
Coinbase,btc_usd,10687.97,1601467047.209723,10687.97,0,10689.26,0,10757.19
Coinbase,btc_usd,10688.05,1601467047.342145,10688.05,0,10689.26,0,10757.19
Coinbase,btc_eur,9142.16,1601467047.943293,9142.16,0,9143.0,0,9211.76
Coinbase,btc_usd,10689.44,1601467048.437165,10688.38,0,10689.44,0,10757.19
Coinbase,btc_usd,10689.49,1601467050.092717,10688.45,0,10689.49,0,10757.19
Coinbase,eth_usd,353.41,1601467050.634336,353.41,0,353.46,0,357.59
Coinbase,eth_usd,353.41,1601467052.954441,353.41,0,353.47,0,357.59
Coinbase,btc_usd,10689.96,1601467054.134688,10689.07,0,10689.96,0,10757.19
Coinbase,eth_usd,353.43,1601467054.160907,353.42,0,353.43,0,357.59
Coinbase,btc_usd,10689.96,1601467054.540767,10689.07,0,10689.96,0,10757.19
Coinbase,btc_eur,9143.0,1601467055.503026,9141.6,0,9143.0,0,9211.76
Coinbase,btc_eur,9141.67,1601467056.810948,9141.67,0,9143.0,0,9211.76
Coinbase,btc_eur,9141.69,1601467058.472891,9141.68,0,9143.0,0,9211.76
Coinbase,btc_eur,9141.68,1601467058.474149,9141.68,0,9143.0,0,9211.76
Coinbase,eth_usd,353.42,1601467060.225297,353.42,0,353.43,0,357.59
Coinbase,eth_usd,353.42,1601467060.226013,353.25,0,353.43,0,357.59
Coinbase,eth_usd,353.2,1601467061.434256,353.17,0,353.21,0,357.59
Coinbase,eth_usd,353.17,1601467061.434896,353.17,0,353.21,0,357.59
Coinbase,btc_usd,10687.9,1601467061.441022,10687.89,0,10689.39,0,10757.19
Coinbase,btc_usd,10687.89,1601467061.4429,10686.28,0,10689.39,0,10757.19
Coinbase,btc_usd,10686.28,1601467061.444908,10686.11,0,10689.39,0,10757.19
Coinbase,btc_usd,10686.11,1601467061.446366,10685.76,0,10689.39,0,10757.19
Coinbase,btc_usd,10685.76,1601467061.446875,10685.54,0,10689.39,0,10757.19
Coinbase,btc_usd,10685.54,1601467061.448746,10684.7,0,10689.39,0,10757.19
Coinbase,btc_usd,10684.7,1601467061.449271,10684.29,0,10689.39,0,10757.19
Coinbase,btc_usd,10684.29,1601467061.452431,10684.05,0,10689.39,0,10757.19
Coinbase,btc_usd,10684.05,1601467061.452931,10684.05,0,10689.39,0,10757.19
Coinbase,btc_usd,10688.75,1601467062.218729,10687.79,0,10688.75,0,10757.19
Coinbase,btc_eur,9143.0,1601467062.696325,9141.62,0,9143.0,0,9211.76
Coinbase,eth_usd,353.32,1601467066.339635,353.28,0,353.32,0,357.59
Coinbase,btc_usd,10689.63,1601467069.26006,10688.66,0,10689.63,0,10757.19
Coinbase,btc_usd,10689.45,1601467072.079817,10688.53,0,10689.45,0,10757.19
Coinbase,btc_eur,9141.77,1601467074.410178,9141.77,0,9143.0,0,9211.76
Coinbase,btc_usd,10689.45,1601467075.293209,10688.53,0,10689.45,0,10757.19
Coinbase,eth_usd,353.31,1601467078.291522,353.27,0,353.31,0,357.59
Coinbase,btc_eur,9143.0,1601467079.2319,9141.89,0,9144.12,0,9211.76
Coinbase,btc_eur,9144.12,1601467079.232606,9141.89,0,9145.13,0,9211.76
Coinbase,btc_eur,9145.13,1601467079.234543,9141.89,0,9145.26,0,9211.76
Coinbase,btc_eur,9145.26,1601467079.235179,9141.89,0,9145.6,0,9211.76
Coinbase,btc_eur,9145.6,1601467079.236255,9141.89,0,9145.6,0,9211.76
Coinbase,btc_usd,10689.19,1601467080.207046,10687.77,0,10689.19,0,10757.19
Coinbase,btc_eur,9141.93,1601467080.529259,9141.93,0,9145.53,0,9211.76
Coinbase,btc_usd,10688.8,1601467080.68223,10688.34,0,10688.8,0,10757.19
Coinbase,btc_usd,10688.54,1601467081.222042,10687.83,0,10688.54,0,10757.19
Coinbase,eth_eur,302.32,1601467082.323544,302.1,0,302.32,0,306.29
Coinbase,btc_usd,10687.68,1601467083.528018,10686.83,0,10687.68,0,10757.19
Coinbase,btc_usd,10687.58,1601467084.112316,10687.06,0,10687.58,0,10757.19
Coinbase,btc_eur,9144.83,1601467086.490422,9141.65,0,9144.83,0,9211.76
Coinbase,btc_usd,10687.7,1601467087.820909,10687.69,0,10687.7,0,10757.19
Coinbase,btc_usd,10687.7,1601467088.165931,10687.69,0,10687.7,0,10757.19
Coinbase,btc_usd,10687.7,1601467088.829628,10687.69,0,10687.7,0,10757.19
Coinbase,btc_usd,10687.7,1601467089.399251,10687.69,0,10687.7,0,10757.19
Coinbase,btc_usd,10687.14,1601467090.680982,10687.14,0,10687.65,0,10757.19
Coinbase,btc_eur,9141.65,1601467091.104551,9141.65,0,9144.81,0,9211.76
Coinbase,btc_usd,10687.69,1601467092.306798,10686.98,0,10687.69,0,10757.19
Coinbase,eth_usd,353.12,1601467094.319196,353.11,0,353.12,0,357.59
Coinbase,eth_eur,302.26,1601467094.384673,302.06,0,302.27,0,306.29
Coinbase,eth_eur,302.27,1601467094.387341,302.06,0,302.27,0,306.29
Coinbase,eth_eur,302.09,1601467094.954978,302.09,0,302.26,0,306.29
Coinbase,btc_usd,10687.66,1601467096.345554,10687.29,0,10687.66,0,10757.19
Coinbase,eth_usd,353.11,1601467100.453048,353.11,0,353.12,0,357.59
Coinbase,eth_usd,353.11,1601467100.456905,353.1,0,353.12,0,357.59
Coinbase,eth_usd,353.1,1601467100.457446,353.08,0,353.12,0,357.59
Coinbase,btc_usd,10687.11,1601467101.368178,10687.1,0,10687.11,0,10757.19
Coinbase,btc_usd,10687.11,1601467103.820035,10687.1,0,10687.11,0,10757.19
Coinbase,eth_usd,353.08,1601467105.020553,353.08,0,353.09,0,357.59
Coinbase,eth_usd,353.08,1601467105.026276,353.08,0,353.09,0,357.59
Coinbase,btc_usd,10687.11,1601467105.277986,10687.1,0,10687.11,0,10757.19
Coinbase,eth_usd,353.08,1601467105.296923,353.08,0,353.09,0,357.59
Coinbase,eth_usd,353.08,1601467106.485706,353.08,0,353.09,0,357.59
Coinbase,eth_usd,353.08,1601467106.486405,353.08,0,353.09,0,357.59
Coinbase,eth_usd,353.08,1601467106.486871,353.08,0,353.09,0,357.59
Coinbase,btc_eur,9144.63,1601467106.487336,9141.65,0,9144.63,0,9211.76
Coinbase,btc_usd,10687.11,1601467108.21612,10687.1,0,10687.11,0,10757.19
Coinbase,eth_usd,352.95,1601467108.594343,352.95,0,353.0,0,357.59
Coinbase,btc_eur,9141.67,1601467115.270622,9141.67,0,9144.12,0,9211.76
Coinbase,btc_eur,9144.09,1601467115.482663,9141.67,0,9144.09,0,9211.76
Coinbase,btc_eur,9141.67,1601467116.646068,9141.67,0,9143.95,0,9211.76
Coinbase,eth_usd,352.96,1601467116.921834,352.93,0,352.96,0,357.59
Coinbase,btc_eur,9141.67,1601467116.969899,9141.67,0,9143.91,0,9211.76
Coinbase,btc_usd,10687.09,1601467117.276722,10687.08,0,10687.09,0,10757.19
Coinbase,btc_eur,9141.67,1601467118.025686,9141.67,0,9143.79,0,9211.76
Coinbase,btc_usd,10687.09,1601467119.922071,10687.08,0,10687.09,0,10757.19
Coinbase,btc_usd,10687.09,1601467120.93621,10687.08,0,10687.09,0,10757.19
Coinbase,btc_eur,9143.52,1601467123.307811,9141.67,0,9143.52,0,9211.76
Coinbase,btc_usd,10687.09,1601467123.852174,10687.08,0,10687.09,0,10757.19
Coinbase,eth_eur,301.85,1601467123.949499,301.85,0,302.1,0,306.29
Coinbase,btc_usd,10687.08,1601467124.710779,10687.08,0,10687.09,0,10757.19
Coinbase,btc_usd,10687.08,1601467124.711491,10687.08,0,10687.09,0,10757.19
Coinbase,btc_usd,10687.09,1601467124.764674,10681.75,0,10687.09,0,10757.19
Coinbase,btc_usd,10685.1,1601467125.110168,10684.18,0,10685.1,0,10757.19
Coinbase,btc_usd,10684.97,1601467126.30472,10684.73,0,10684.97,0,10757.19
Coinbase,eth_usd,352.97,1601467127.561787,352.94,0,352.97,0,357.59
Coinbase,btc_eur,9143.53,1601467128.870106,9141.67,0,9143.53,0,9211.76
Coinbase,eth_usd,352.91,1601467128.883087,352.9,0,352.91,0,357.59
Coinbase,btc_eur,9143.5,1601467129.657752,9141.67,0,9143.5,0,9211.76
Coinbase,btc_eur,9143.5,1601467129.6584,9141.67,0,9143.51,0,9211.76
Coinbase,btc_eur,9143.51,1601467129.658863,9141.67,0,9143.51,0,9211.76
Coinbase,btc_usd,10685.14,1601467132.31363,10685.13,0,10685.14,0,10757.19
Coinbase,eth_usd,352.99,1601467132.462374,352.99,0,353.0,0,357.59
Coinbase,btc_usd,10685.14,1601467133.371199,10685.13,0,10685.14,0,10757.19
Coinbase,btc_usd,10685.14,1601467135.648238,10685.13,0,10685.14,0,10757.19
Coinbase,btc_eur,9143.96,1601467137.878256,9141.67,0,9143.96,0,9211.76
Coinbase,btc_eur,9143.92,1601467138.098895,9141.67,0,9143.92,0,9211.76
Coinbase,btc_usd,10685.13,1601467139.433285,10683.98,0,10685.14,0,10757.19
Coinbase,btc_usd,10683.98,1601467139.434711,10683.98,0,10685.14,0,10757.19
Coinbase,btc_eur,9143.56,1601467141.049855,9141.67,0,9143.56,0,9211.76
Coinbase,btc_usd,10682.67,1601467141.731205,10682.67,0,10683.31,0,10757.19
Coinbase,btc_usd,10683.31,1601467141.774597,10682.75,0,10683.31,0,10757.19
Coinbase,btc_eur,9141.67,1601467143.367465,9141.67,0,9143.95,0,9211.76
Coinbase,btc_eur,9141.67,1601467144.043797,9141.67,0,9143.86,0,9211.76
Coinbase,btc_usd,10683.29,1601467144.708975,10683.29,0,10683.3,0,10757.19
Coinbase,btc_usd,10683.06,1601467147.282216,10683.05,0,10683.06,0,10757.19
Coinbase,btc_usd,10683.06,1601467148.102704,10683.05,0,10683.06,0,10757.19
Coinbase,btc_usd,10683.06,1601467148.643782,10683.05,0,10683.06,0,10757.19
Coinbase,btc_eur,9143.46,1601467149.110967,9141.67,0,9143.46,0,9211.76
Coinbase,btc_usd,10683.06,1601467149.159159,10683.05,0,10683.06,0,10757.19
Coinbase,btc_usd,10683.06,1601467149.209128,10683.05,0,10683.06,0,10757.19
Coinbase,btc_usd,10683.06,1601467149.258995,10683.05,0,10683.06,0,10757.19
Coinbase,btc_usd,10683.06,1601467149.294516,10683.05,0,10683.06,0,10757.19
Coinbase,btc_usd,10683.06,1601467150.498743,10683.05,0,10683.06,0,10757.19
Coinbase,btc_eur,9141.67,1601467151.438198,9141.67,0,9143.31,0,9211.76
Coinbase,btc_eur,9141.67,1601467151.734189,9141.67,0,9143.31,0,9211.76
Coinbase,eth_usd,352.99,1601467152.526094,352.99,0,353.0,0,357.59
Coinbase,eth_usd,352.99,1601467152.527066,352.99,0,353.0,0,357.59
Coinbase,eth_usd,352.99,1601467152.527609,352.99,0,353.0,0,357.59
Coinbase,eth_usd,352.99,1601467152.528066,352.99,0,353.0,0,357.59
Coinbase,eth_usd,352.99,1601467152.528523,352.99,0,353.0,0,357.59
Coinbase,eth_usd,352.99,1601467152.528982,352.91,0,353.0,0,357.59
Coinbase,btc_usd,10683.06,1601467152.718759,10683.05,0,10683.06,0,10757.19
Coinbase,btc_usd,10681.86,1601467153.905625,10681.86,0,10681.87,0,10757.19
Coinbase,btc_usd,10681.86,1601467157.713953,10681.86,0,10681.87,0,10757.19
Coinbase,eth_eur,301.83,1601467158.146428,301.83,0,302.07,0,306.29
Coinbase,btc_usd,10681.87,1601467158.35128,10681.86,0,10681.87,0,10757.19
Coinbase,btc_usd,10682.06,1601467158.570838,10682.05,0,10682.06,0,10757.19
Coinbase,btc_usd,10682.05,1601467159.775592,10682.05,0,10682.06,0,10757.19
Coinbase,btc_usd,10682.05,1601467161.760911,10682.05,0,10682.06,0,10757.19
Coinbase,btc_usd,10682.06,1601467162.074051,10682.05,0,10682.06,0,10757.19
Coinbase,btc_usd,10682.18,1601467163.983787,10682.17,0,10682.18,0,10757.19
Coinbase,btc_usd,10682.18,1601467165.17551,10682.17,0,10682.18,0,10757.19
Coinbase,btc_eur,9141.67,1601467173.786893,9141.67,0,9143.24,0,9211.76
Coinbase,btc_eur,9141.67,1601467173.945022,9140.0,0,9143.24,0,9211.76
Coinbase,btc_usd,10681.08,1601467174.24558,10680.48,0,10681.08,0,10757.19
Coinbase,btc_usd,10679.34,1601467175.214686,10679.23,0,10679.4,0,10757.19
Coinbase,btc_usd,10679.23,1601467175.215352,10679.23,0,10679.4,0,10757.19
Coinbase,eth_usd,352.92,1601467175.288199,352.91,0,352.92,0,357.59
Coinbase,eth_usd,352.92,1601467175.737022,352.91,0,352.92,0,357.59
Coinbase,eth_usd,352.92,1601467177.826423,352.91,0,352.92,0,357.59
Coinbase,eth_usd,352.91,1601467179.406273,352.91,0,352.92,0,357.59
Coinbase,eth_usd,352.91,1601467179.408487,352.91,0,352.92,0,357.59
Coinbase,eth_usd,352.91,1601467179.408965,352.91,0,352.92,0,357.59
Coinbase,eth_usd,352.91,1601467179.409963,352.91,0,352.92,0,357.59
Coinbase,eth_usd,352.91,1601467179.4116,352.91,0,352.92,0,357.59
Coinbase,eth_usd,352.91,1601467179.412196,352.9,0,352.92,0,357.59
Coinbase,eth_usd,352.9,1601467179.413273,352.74,0,352.92,0,357.59
Coinbase,btc_usd,10679.54,1601467179.928116,10679.53,0,10679.54,0,10757.19
Coinbase,btc_eur,9142.29,1601467180.846262,9140.0,0,9142.3,0,9211.76
Coinbase,btc_eur,9142.3,1601467180.846941,9140.0,0,9142.43,0,9211.76
Coinbase,btc_eur,9142.43,1601467180.847405,9140.0,0,9142.88,0,9211.76
Coinbase,btc_eur,9142.88,1601467180.84872,9140.0,0,9143.13,0,9211.76
Coinbase,btc_eur,9143.13,1601467180.849188,9140.0,0,9143.23,0,9211.76
Coinbase,btc_eur,9143.23,1601467180.850004,9140.0,0,9143.23,0,9211.76
Coinbase,btc_usd,10679.77,1601467180.882099,10679.19,0,10679.77,0,10757.19
Coinbase,eth_usd,352.81,1601467180.919485,352.76,0,352.81,0,357.59
Coinbase,btc_usd,10679.21,1601467183.243757,10679.2,0,10679.21,0,10757.19
Coinbase,btc_eur,9140.0,1601467183.873593,9140.0,0,9141.92,0,9211.76
Coinbase,btc_usd,10679.21,1601467184.016146,10679.2,0,10679.21,0,10757.19
Coinbase,btc_eur,9141.87,1601467184.299523,9140.0,0,9141.87,0,9211.76
Coinbase,eth_eur,301.98,1601467185.946583,301.8,0,301.98,0,306.29
Coinbase,eth_eur,301.98,1601467185.947879,301.8,0,301.98,0,306.29
Coinbase,eth_usd,352.79,1601467185.967432,352.79,0,352.8,0,357.59
Coinbase,btc_eur,9141.87,1601467186.560575,9140.0,0,9142.13,0,9211.76
Coinbase,btc_eur,9142.13,1601467186.561207,9140.0,0,9143.17,0,9211.76
Coinbase,btc_eur,9143.17,1601467186.563007,9140.0,0,9143.17,0,9211.76
Coinbase,eth_usd,352.8,1601467187.038942,352.79,0,352.8,0,357.59
Coinbase,btc_eur,9140.0,1601467188.042581,9140.0,0,9143.16,0,9211.76
Coinbase,btc_usd,10679.2,1601467188.249839,10679.2,0,10679.21,0,10757.19
Coinbase,btc_usd,10679.2,1601467188.456317,10679.2,0,10679.21,0,10757.19
Coinbase,eth_usd,352.8,1601467188.836239,352.79,0,352.8,0,357.59
Coinbase,btc_usd,10679.21,1601467189.005359,10679.19,0,10679.21,0,10757.19
Coinbase,btc_usd,10679.2,1601467189.059401,10679.19,0,10679.2,0,10757.19
Coinbase,eth_usd,352.8,1601467189.900771,352.79,0,352.8,0,357.59
Coinbase,btc_usd,10679.2,1601467192.291419,10679.19,0,10679.2,0,10757.19
Coinbase,btc_usd,10679.19,1601467193.027434,10679.19,0,10679.2,0,10757.19
Coinbase,eth_usd,352.8,1601467195.285521,352.79,0,352.8,0,357.59
Coinbase,btc_usd,10679.2,1601467195.572315,10679.19,0,10679.2,0,10757.19
Coinbase,btc_usd,10679.19,1601467195.956953,10677.22,0,10679.2,0,10757.19
Coinbase,eth_usd,352.8,1601467196.302173,352.79,0,352.8,0,357.59
Coinbase,eth_usd,352.8,1601467196.788694,352.79,0,352.8,0,357.59
Coinbase,eth_usd,352.79,1601467197.018777,352.79,0,352.8,0,357.59
Coinbase,eth_usd,352.79,1601467197.019335,352.79,0,352.8,0,357.59
Coinbase,eth_usd,352.79,1601467197.020507,352.79,0,352.8,0,357.59
Coinbase,eth_usd,352.79,1601467197.020971,352.58,0,352.8,0,357.59
Coinbase,btc_usd,10675.87,1601467197.639121,10675.86,0,10675.87,0,10757.19
Coinbase,btc_eur,9140.0,1601467198.698006,9140.0,0,9140.6,0,9211.76
Coinbase,btc_eur,9140.0,1601467198.733627,9140.0,0,9140.58,0,9211.76
Coinbase,btc_eur,9140.0,1601467198.760158,9140.0,0,9140.57,0,9211.76
Coinbase,btc_eur,9140.0,1601467198.760645,9140.0,0,9140.57,0,9211.76
Coinbase,btc_usd,10675.87,1601467199.863498,10675.86,0,10675.87,0,10757.19
Coinbase,btc_eur,9140.0,1601467200.66249,9140.0,0,9140.01,0,9211.76
Coinbase,btc_eur,9140.0,1601467200.663262,9135.84,0,9140.01,0,9211.76
Coinbase,btc_eur,9134.4,1601467201.30186,9134.4,0,9136.57,0,9211.76
Coinbase,btc_usd,10675.86,1601467201.331206,10675.86,0,10675.87,0,10757.19
Coinbase,btc_eur,9134.4,1601467201.507152,9134.4,0,9136.42,0,9211.76
Coinbase,eth_eur,301.8,1601467201.651148,301.59,0,301.82,0,306.29
Coinbase,eth_eur,301.59,1601467201.651741,301.59,0,301.82,0,306.29
Coinbase,btc_eur,9134.4,1601467202.192996,9134.4,0,9136.27,0,9211.76
Coinbase,eth_usd,352.62,1601467203.21297,352.61,0,352.62,0,357.59
Coinbase,eth_usd,352.62,1601467203.213703,352.61,0,352.68,0,357.59
Coinbase,btc_eur,9134.0,1601467204.224874,9134.0,0,9135.49,0,9211.76
Coinbase,btc_eur,9134.0,1601467204.225501,9134.0,0,9135.49,0,9211.76
Coinbase,btc_usd,10675.86,1601467205.25058,10675.86,0,10675.87,0,10757.19
Coinbase,btc_usd,10675.08,1601467205.987953,10675.07,0,10675.08,0,10757.19
Coinbase,btc_usd,10675.07,1601467207.034196,10675.07,0,10675.08,0,10757.19
Coinbase,btc_usd,10675.01,1601467209.109998,10675.0,0,10675.01,0,10757.19
Coinbase,btc_usd,10675.01,1601467209.314761,10675.0,0,10675.01,0,10757.19
Coinbase,eth_usd,352.63,1601467210.13166,352.63,0,352.64,0,357.59
Coinbase,eth_usd,352.63,1601467210.132865,352.63,0,352.64,0,357.59
Coinbase,eth_usd,352.63,1601467210.133325,352.63,0,352.64,0,357.59
Coinbase,eth_usd,352.63,1601467210.13668,352.63,0,352.64,0,357.59
Coinbase,eth_usd,352.63,1601467210.145888,352.57,0,352.64,0,357.59
Coinbase,btc_usd,10675.01,1601467210.376533,10675.0,0,10675.01,0,10757.19
Coinbase,btc_usd,10675.01,1601467210.427029,10675.0,0,10675.01,0,10757.19
Coinbase,btc_usd,10675.0,1601467212.293718,10675.0,0,10675.01,0,10757.19
Coinbase,btc_eur,9134.55,1601467212.781141,9132.99,0,9134.55,0,9211.76
Coinbase,btc_usd,10675.01,1601467213.283178,10675.0,0,10675.01,0,10757.19
Coinbase,btc_eur,9134.55,1601467214.455558,9132.99,0,9134.55,0,9211.76
Coinbase,btc_usd,10675.01,1601467215.454285,10675.0,0,10675.01,0,10757.19
Coinbase,btc_usd,10675.01,1601467215.583938,10675.0,0,10675.01,0,10757.19
Coinbase,btc_eur,9133.48,1601467215.674423,9131.36,0,9133.48,0,9211.76
Coinbase,btc_usd,10675.01,1601467215.854303,10675.0,0,10675.01,0,10757.19
Coinbase,btc_usd,10675.01,1601467216.122417,10675.0,0,10675.01,0,10757.19
Coinbase,btc_usd,10675.01,1601467217.061899,10675.0,0,10675.01,0,10757.19
Coinbase,btc_usd,10675.01,1601467217.842941,10675.0,0,10675.01,0,10757.19
Coinbase,btc_usd,10675.01,1601467217.845767,10675.0,0,10675.01,0,10757.19
Coinbase,btc_usd,10675.01,1601467218.291416,10675.0,0,10675.01,0,10757.19
Coinbase,btc_usd,10675.0,1601467218.840003,10675.0,0,10675.01,0,10757.19
Coinbase,btc_usd,10675.01,1601467219.016466,10675.0,0,10675.01,0,10757.19
Coinbase,eth_usd,352.57,1601467219.093956,352.57,0,352.58,0,357.59
Coinbase,eth_usd,352.57,1601467219.094533,352.57,0,352.58,0,357.59
Coinbase,eth_usd,352.57,1601467219.09498,352.57,0,352.58,0,357.59
Coinbase,eth_usd,352.57,1601467219.095425,352.57,0,352.58,0,357.59
Coinbase,eth_usd,352.57,1601467219.095871,352.57,0,352.58,0,357.59
Coinbase,eth_usd,352.57,1601467219.096316,352.57,0,352.58,0,357.59
Coinbase,eth_usd,352.57,1601467219.096761,352.4,0,352.58,0,357.59
Coinbase,btc_usd,10675.01,1601467219.386301,10675.0,0,10675.01,0,10757.19
Coinbase,btc_usd,10675.01,1601467219.478886,10675.0,0,10675.01,0,10757.19
Coinbase,btc_usd,10675.01,1601467219.570323,10675.0,0,10675.01,0,10757.19
Coinbase,btc_usd,10675.0,1601467220.790019,10675.0,0,10675.01,0,10757.19
Coinbase,eth_eur,301.56,1601467221.280919,301.56,0,301.59,0,306.29
Coinbase,eth_eur,301.56,1601467221.282158,301.51,0,301.59,0,306.29
Coinbase,eth_usd,352.28,1601467221.373312,352.24,0,352.28,0,357.59
Coinbase,eth_eur,301.51,1601467221.917249,301.5,0,301.54,0,306.29
Coinbase,btc_usd,10675.0,1601467221.917818,10675.0,0,10675.01,0,10757.19
Coinbase,eth_eur,301.5,1601467221.944229,301.5,0,301.52,0,306.29
Coinbase,btc_usd,10675.0,1601467221.945385,10675.0,0,10675.01,0,10757.19
Coinbase,btc_usd,10675.0,1601467221.945841,10675.0,0,10675.01,0,10757.19
Coinbase,btc_usd,10673.39,1601467222.153662,10673.39,0,10673.4,0,10757.19
Coinbase,eth_eur,301.5,1601467222.159111,301.41,0,301.52,0,306.29
Coinbase,eth_usd,352.2,1601467222.394821,352.1,0,352.21,0,357.59
Coinbase,eth_usd,352.17,1601467222.508417,352.1,0,352.17,0,357.59
Coinbase,eth_usd,352.14,1601467222.81694,352.1,0,352.14,0,357.59
Coinbase,eth_usd,352.1,1601467222.96913,352.05,0,352.14,0,357.59
Coinbase,eth_usd,352.05,1601467222.969602,352.05,0,352.14,0,357.59
Coinbase,btc_usd,10673.4,1601467223.698204,10673.39,0,10673.4,0,10757.19
Coinbase,eth_usd,352.18,1601467223.757842,352.1,0,352.18,0,357.59
Coinbase,btc_usd,10673.4,1601467223.786752,10673.39,0,10673.4,0,10757.19
Coinbase,eth_eur,301.41,1601467223.95677,301.41,0,301.47,0,306.29
Coinbase,eth_eur,301.41,1601467223.958365,301.31,0,301.47,0,306.29
Coinbase,btc_usd,10673.39,1601467224.339484,10670.56,0,10673.4,0,10757.19
Coinbase,btc_usd,10670.56,1601467224.458694,10670.49,0,10670.94,0,10757.19
Coinbase,btc_usd,10670.49,1601467224.465105,10670.38,0,10670.94,0,10757.19
Coinbase,btc_usd,10670.38,1601467224.465607,10670.38,0,10670.94,0,10757.19
Coinbase,btc_usd,10670.38,1601467224.491253,10670.05,0,10670.94,0,10757.19
Coinbase,btc_usd,10670.05,1601467224.608982,10670.05,0,10670.36,0,10757.19
Coinbase,btc_usd,10670.05,1601467224.635113,10669.6,0,10670.36,0,10757.19
Coinbase,btc_usd,10668.93,1601467225.426221,10668.92,0,10668.93,0,10757.19
Coinbase,btc_eur,9132.09,1601467226.917421,9131.0,0,9132.09,0,9211.76
Coinbase,eth_usd,352.09,1601467227.237439,352.09,0,352.1,0,357.59
Coinbase,eth_eur,301.31,1601467227.277269,301.21,0,301.44,0,306.29
Coinbase,eth_eur,301.21,1601467227.277818,301.16,0,301.44,0,306.29
Coinbase,eth_eur,301.16,1601467227.27829,301.14,0,301.44,0,306.29
Coinbase,eth_eur,301.14,1601467227.279452,301.14,0,301.44,0,306.29
Coinbase,eth_usd,352.09,1601467227.279925,352.08,0,352.1,0,357.59
Coinbase,eth_usd,352.08,1601467227.282306,352.07,0,352.1,0,357.59
Coinbase,eth_usd,352.07,1601467227.282781,352.0,0,352.1,0,357.59
Coinbase,eth_usd,352.08,1601467227.291468,352.0,0,352.1,0,357.59
Coinbase,btc_eur,9132.08,1601467227.412677,9131.0,0,9132.08,0,9211.76
Coinbase,eth_usd,352.0,1601467227.497584,352.0,0,352.01,0,357.59
Coinbase,eth_usd,352.0,1601467227.499259,352.0,0,352.01,0,357.59
Coinbase,eth_usd,352.0,1601467227.503489,352.0,0,352.01,0,357.59
Coinbase,eth_usd,352.0,1601467227.50397,352.0,0,352.01,0,357.59
Coinbase,eth_usd,352.0,1601467227.505059,352.0,0,352.01,0,357.59
Coinbase,eth_usd,352.0,1601467227.50606,352.0,0,352.01,0,357.59
Coinbase,btc_usd,10668.12,1601467227.50787,10667.62,0,10668.12,0,10757.19
Coinbase,eth_usd,352.0,1601467227.522465,352.0,0,352.01,0,357.59
Coinbase,eth_usd,352.0,1601467227.531386,352.0,0,352.01,0,357.59
Coinbase,eth_usd,352.01,1601467227.629789,352.0,0,352.01,0,357.59
Coinbase,eth_eur,301.16,1601467227.632635,301.11,0,301.31,0,306.29
Coinbase,eth_eur,301.11,1601467227.636233,301.1,0,301.31,0,306.29
Coinbase,eth_eur,301.1,1601467227.636723,301.06,0,301.31,0,306.29
Coinbase,eth_usd,352.0,1601467227.780742,352.0,0,352.01,0,357.59
Coinbase,eth_usd,352.0,1601467227.792901,352.0,0,352.01,0,357.59
Coinbase,eth_usd,352.0,1601467227.795461,352.0,0,352.01,0,357.59
Coinbase,eth_usd,352.0,1601467227.903382,351.9,0,352.01,0,357.59
Coinbase,eth_usd,351.9,1601467227.913521,351.87,0,352.01,0,357.59
Coinbase,eth_usd,351.87,1601467227.914007,351.86,0,352.01,0,357.59
Coinbase,eth_usd,351.86,1601467227.91703,351.77,0,352.01,0,357.59
Coinbase,eth_eur,301.21,1601467227.931542,301.06,0,301.31,0,306.29
Coinbase,eth_eur,301.06,1601467228.39922,301.05,0,301.11,0,306.29
Coinbase,eth_eur,301.05,1601467228.399824,301.03,0,301.11,0,306.29
Coinbase,eth_usd,351.77,1601467228.454619,351.77,0,351.78,0,357.59
Coinbase,eth_usd,351.77,1601467228.455197,351.74,0,351.78,0,357.59
Coinbase,eth_usd,351.74,1601467228.455662,351.72,0,351.78,0,357.59
Coinbase,eth_usd,351.72,1601467228.459358,351.47,0,351.78,0,357.59
Coinbase,eth_eur,301.03,1601467228.465078,301.03,0,301.05,0,306.29
Coinbase,eth_eur,301.03,1601467228.465595,301.01,0,301.05,0,306.29
Coinbase,eth_eur,301.01,1601467228.466079,301.0,0,301.05,0,306.29
Coinbase,eth_eur,301.0,1601467228.466541,301.0,0,301.05,0,306.29
Coinbase,eth_eur,301.0,1601467228.467002,301.0,0,301.05,0,306.29
Coinbase,eth_usd,351.6,1601467228.569862,351.47,0,351.6,0,357.59
Coinbase,btc_usd,10667.41,1601467228.858011,10667.4,0,10667.41,0,10757.19
Coinbase,eth_eur,301.0,1601467228.955394,301.0,0,301.04,0,306.29
Coinbase,eth_usd,351.52,1601467229.032374,351.51,0,351.52,0,357.59
Coinbase,eth_eur,301.0,1601467229.054417,301.0,0,301.04,0,306.29
Coinbase,eth_eur,301.0,1601467229.05497,301.0,0,301.04,0,306.29
Coinbase,eth_eur,301.0,1601467229.055442,301.0,0,301.04,0,306.29
Coinbase,eth_eur,301.0,1601467229.055911,300.92,0,301.04,0,306.29
Coinbase,btc_usd,10667.4,1601467229.894597,10667.4,0,10667.41,0,10757.19
Coinbase,btc_usd,10667.4,1601467229.895252,10667.39,0,10667.41,0,10757.19
Coinbase,btc_usd,10667.39,1601467229.897493,10667.39,0,10667.41,0,10757.19
Coinbase,btc_eur,9131.0,1601467229.967138,9130.0,0,9131.92,0,9211.76
Coinbase,eth_usd,351.52,1601467230.259023,351.51,0,351.52,0,357.59
Coinbase,eth_usd,351.52,1601467230.390426,351.51,0,351.61,0,357.59
Coinbase,eth_usd,351.58,1601467230.601979,351.52,0,351.67,0,357.59
Coinbase,eth_usd,351.59,1601467230.716021,351.52,0,351.68,0,357.59
Coinbase,btc_eur,9130.0,1601467230.856016,9128.5,0,9131.88,0,9211.76
Coinbase,eth_usd,351.68,1601467231.008478,351.54,0,351.68,0,357.59
Coinbase,eth_usd,351.59,1601467231.360536,351.54,0,351.7,0,357.59
Coinbase,eth_usd,351.6,1601467231.487679,351.54,0,351.7,0,357.59
Coinbase,eth_usd,351.7,1601467231.603404,351.55,0,351.76,0,357.59
Coinbase,eth_usd,351.55,1601467231.643488,351.55,0,351.76,0,357.59
Coinbase,eth_usd,351.55,1601467231.643971,351.54,0,351.76,0,357.59
Coinbase,eth_usd,351.54,1601467231.644442,351.54,0,351.76,0,357.59
Coinbase,eth_eur,300.93,1601467232.194624,300.93,0,300.95,0,306.29
Coinbase,eth_eur,300.93,1601467232.195193,300.92,0,300.95,0,306.29
Coinbase,btc_usd,10667.4,1601467234.379166,10667.39,0,10667.4,0,10757.19
Coinbase,eth_eur,301.03,1601467236.895435,300.95,0,301.03,0,306.29
Coinbase,eth_usd,351.89,1601467237.920605,351.88,0,351.89,0,357.59
Coinbase,btc_usd,10667.4,1601467238.218924,10667.39,0,10667.4,0,10757.19
