Plateforme,Asset,Quote,Datetime,Bid,BidAmount,Ask,AskAmount,OpenInterest
Kraken,btc_usd,10834.4,1601535890.713186,10834.3,3.00883709,10834.4,0.3418583,10816.05673
Kraken,btc_eur,9233.3,1601535890.713944,9233.2,1.38035103,9233.3,0.25220855,9228.28776
Kraken,eth_usd,363.22,1601535890.714361,363.06,7.7560022,363.22,1.73484043,361.21368
Kraken,eth_eur,309.51,1601535890.714767,309.51,7.97987,309.52,45.74712712,309.20636
Kraken,btc_eur,9234.3,1601535899.32296,9234.2,3.6,9234.3,0.34168002,9228.2878
Kraken,btc_usd,10834.4,1601535905.219572,10834.3,18.77615316,10834.4,0.19728898,10816.05727
Kraken,btc_eur,9234.2,1601535906.147059,9234.2,3.98631004,9234.3,0.09616633,9228.28786
Kraken,btc_usd,10834.4,1601535915.94857,10834.3,16.49683417,10834.4,0.14175453,10816.05884
Kraken,btc_usd,10834.4,1601535917.165279,10834.3,18.63143308,10834.4,0.08612595,10816.06042
Kraken,btc_usd,10844.5,1601535918.795416,10834.3,16.03143308,10844.5,0.01832007,10816.09363
Kraken,btc_eur,9234.3,1601535919.414472,9234.2,3.58631004,9234.3,0.02600499,9228.28796
Kraken,btc_eur,9235.5,1601535919.824159,9235.4,2.41133808,9235.5,0.18523924,9228.28807
Kraken,btc_eur,9235.5,1601535920.602418,9235.4,5.60925608,9235.5,0.15993004,9228.28821
Kraken,btc_eur,9235.5,1601535921.010034,9235.4,5.60925608,9235.5,0.13741428,9228.28832
Kraken,eth_eur,309.56,1601535923.005641,309.56,10.88178561,309.57,35.25646353,309.20637
Kraken,btc_eur,9235.7,1601535926.941009,9235.7,3.597854,9235.8,0.05309794,9228.28834
Kraken,eth_eur,309.56,1601535927.045986,309.56,5.29880363,309.57,35.25646353,309.2078
Kraken,btc_usd,10842.3,1601535929.289221,10842.2,1.07211309,10842.3,2.14385033,10816.09766
Kraken,eth_eur,309.57,1601535936.671466,309.56,13.47292561,309.58,12.06117202,309.20808
Kraken,eth_eur,309.6,1601535941.974279,309.59,42.60548563,309.63,3.80431,309.20808
Kraken,eth_usd,363.3,1601535943.946846,363.29,212.00332316,363.49,4.0,361.21419
Kraken,eth_eur,309.63,1601535944.31177,309.62,10.88178561,309.63,23.80431,309.20869
Kraken,eth_eur,309.65,1601535947.115321,309.63,113.99620257,309.65,695.95072168,309.20964
Kraken,eth_eur,309.65,1601535947.526268,309.64,38.07192444,309.65,685.95072168,309.21027
Kraken,eth_eur,309.65,1601535951.272951,309.64,89.29192444,309.65,675.95072168,309.2109
Kraken,btc_usd,10841.7,1601535954.719516,10841.7,1.68288051,10841.8,2.14312946,10816.09807
Kraken,btc_usd,10841.7,1601535954.727921,10841.7,1.64521252,10841.8,2.14312946,10816.09956
Kraken,btc_eur,9235.8,1601535956.959724,9235.7,5.28995084,9235.8,0.18460867,9228.28867
Kraken,btc_eur,9236.5,1601535963.538286,9236.4,4.829,9236.5,0.09303904,9228.28869
Kraken,eth_eur,309.64,1601535967.280082,309.64,104.35244005,309.65,675.95072168,309.21092
Kraken,btc_eur,9236.4,1601535972.674624,9236.4,4.80687772,9236.5,0.33349217,9228.29117
Kraken,btc_eur,9236.4,1601535973.409491,9236.4,4.59346466,9236.5,0.33349217,9228.29243
Kraken,btc_eur,9236.5,1601535979.992786,9236.4,4.43203388,9236.5,0.33008313,9228.29245
Kraken,btc_eur,9236.5,1601535980.667965,9236.4,4.43203388,9236.5,0.04624707,9228.29246
Kraken,btc_eur,9238.4,1601535984.238031,9236.4,4.43203388,9238.4,0.14009133,9228.29556
Kraken,eth_usd,363.59,1601535985.61279,363.59,39.93395733,363.6,3.72181623,361.2142
Kraken,btc_eur,9238.0,1601535991.327063,9237.9,4.329,9238.0,0.09188767,9228.29559
Kraken,eth_eur,309.65,1601535994.107641,309.64,87.55393196,309.65,675.93058179,309.21092
Kraken,btc_eur,9238.1,1601535999.000332,9238.0,3.42309825,9238.1,0.18530636,9228.29575
Kraken,btc_eur,9238.1,1601536009.598971,9238.0,4.42309825,9238.1,0.25985217,9228.29591
Kraken,btc_eur,9238.1,1601536013.370593,9238.0,1.42309825,9238.1,0.27007885,9228.29609
Kraken,btc_eur,9238.0,1601536013.766329,9238.0,1.32772764,9238.1,0.27007885,9228.29676
Kraken,btc_eur,9238.1,1601536020.99857,9238.0,2.5106523,9238.1,0.21741077,9228.29688
Kraken,btc_eur,9238.0,1601536034.742872,9238.0,2.49825578,9238.1,0.0961467,9228.297
Kraken,eth_eur,309.65,1601536036.139923,309.64,39.90893196,309.65,713.16315155,309.21094
Kraken,eth_eur,309.65,1601536039.417099,309.64,88.51626808,309.65,660.62644979,309.21188
Kraken,eth_eur,309.65,1601536039.830789,309.64,88.51626808,309.65,650.62644979,309.2125
Kraken,btc_eur,9238.2,1601536042.769652,9238.0,2.95270412,9238.2,0.10236927,9228.31173
Kraken,btc_usd,10841.8,1601536043.333054,10841.7,2.16846181,10841.8,2.03981021,10816.10668
Kraken,btc_usd,10841.8,1601536048.630096,10841.7,2.16846181,10841.8,1.93856621,10816.11069
Kraken,btc_eur,9238.2,1601536052.319977,9238.1,3.46209162,9238.2,0.19359184,9228.31177
Kraken,eth_eur,309.65,1601536058.38133,309.64,33.50893196,309.65,689.23815155,309.21251
Kraken,btc_eur,9238.1,1601536078.621679,9238.1,3.25116867,9238.2,0.19359184,9228.3161
Kraken,btc_eur,9238.2,1601536081.299192,9238.1,3.25116867,9238.2,0.22095143,9228.31616
Kraken,btc_eur,9238.1,1601536084.519583,9238.1,2.43185369,9238.2,0.59595143,9228.31778
Kraken,eth_usd,363.56,1601536084.904194,363.55,24.58735614,363.56,3.59597436,361.21443
Kraken,btc_usd,10841.8,1601536085.543642,10841.7,0.67993644,10841.8,2.90142267,10816.11106
Kraken,eth_usd,363.6,1601536086.07155,363.55,34.49235614,363.6,1.2758108,361.2148
Kraken,btc_eur,9238.2,1601536086.468367,9238.1,0.60832825,9238.2,0.59336645,9228.31779
Kraken,btc_eur,9238.2,1601536097.295344,9238.1,0.60832825,9238.2,6.4995518,9228.31798
Kraken,btc_eur,9238.1,1601536097.715586,9238.1,0.526685,9238.2,6.4995518,9228.31855
Kraken,eth_eur,309.64,1601536107.665003,309.64,14.22667,309.65,689.23815155,309.21251
Kraken,btc_eur,9238.0,1601536111.948438,9238.0,0.16158194,9238.2,8.11541237,9228.32078
Kraken,btc_eur,9238.1,1601536114.328647,9238.0,0.9525796,9238.1,3.76009353,9228.32137
Kraken,eth_eur,309.65,1601536117.616778,309.64,8.22667,309.65,709.83951072,309.21251
Kraken,btc_usd,10840.6,1601536121.287832,10840.6,0.3932114,10841.8,6.76180411,10816.12236
Kraken,eth_usd,363.52,1601536133.279658,363.52,0.2442426,363.53,25.63684213,361.21485
Kraken,btc_eur,9238.1,1601536146.601547,9238.0,0.9525796,9238.1,14.94049192,9228.32145
Kraken,eth_eur,309.65,1601536150.649834,309.64,11.10845561,309.65,717.55891491,309.2127
Kraken,btc_eur,9238.1,1601536152.159847,9238.0,0.16158194,9238.1,14.93064606,9228.32152
Kraken,eth_eur,309.65,1601536153.987932,309.64,11.10845561,309.65,685.34813693,309.21471
Kraken,btc_eur,9238.1,1601536155.352093,9238.0,0.16158194,9238.1,14.73395673,9228.32189
Kraken,btc_eur,9238.1,1601536155.915203,9238.0,0.16158194,9238.1,15.92712774,9228.32206
Kraken,btc_eur,9238.0,1601536172.95795,9238.0,0.15858384,9238.1,17.41540659,9228.32208
Kraken,btc_eur,9238.0,1601536176.491178,9238.0,0.01403233,9238.1,15.41540659,9228.32309
Kraken,btc_eur,9237.6,1601536176.496662,9237.6,1.9658485,9238.1,15.41540659,9228.32342
Kraken,btc_usd,10836.2,1601536183.843653,10836.1,1.218,10836.2,3.2520719,10816.13779
Kraken,btc_eur,9237.7,1601536186.586059,9237.6,1.9658485,9237.7,9.85136068,9228.32349
Kraken,btc_eur,9236.4,1601536194.270525,9236.3,0.84543668,9236.4,12.35915306,9228.32363
Kraken,btc_eur,9236.4,1601536194.684136,9236.3,0.84543668,9236.4,12.33585205,9228.32376
Kraken,btc_eur,9236.4,1601536195.840419,9236.3,0.84543668,9236.4,12.31506621,9228.32388
Kraken,btc_eur,9236.4,1601536196.243604,9236.3,0.84543668,9236.4,12.36056454,9228.32401
Kraken,eth_eur,309.65,1601536198.758655,309.64,8.22667,309.65,769.27585722,309.21471
Kraken,eth_eur,309.65,1601536200.498145,309.64,8.22667,309.65,765.81846014,309.21472
Kraken,eth_eur,309.64,1601536202.029493,309.64,7.22667,309.65,765.81846014,309.21478
Kraken,btc_eur,9236.4,1601536205.394702,9236.3,0.84543668,9236.4,12.31736993,9228.32427
Kraken,btc_usd,10836.2,1601536205.509683,10836.1,3.18941315,10836.2,1.34954149,10816.15099
Kraken,btc_eur,9236.4,1601536206.063013,9236.3,0.84543668,9236.4,12.38053279,9228.32428
Kraken,btc_eur,9236.3,1601536208.756647,9236.3,0.02143668,9236.4,12.38053279,9228.32904
Kraken,eth_eur,309.53,1601536219.705329,309.53,32.40683577,309.54,112.3945872,309.21479
Kraken,eth_usd,363.36,1601536219.717557,363.36,11.64353488,363.37,225.96397215,361.21506
Kraken,eth_eur,309.54,1601536222.046389,309.53,32.40683577,309.54,184.09820979,309.21513
Kraken,eth_eur,309.54,1601536227.231977,309.53,32.40683577,309.54,183.7880357,309.21514
Kraken,eth_usd,363.37,1601536228.068633,363.36,11.64353488,363.37,203.44383226,361.21507
Kraken,eth_eur,309.54,1601536238.171077,309.53,32.40683577,309.54,183.53333935,309.21515
Kraken,btc_eur,9236.4,1601536252.495364,9236.3,0.02143668,9236.4,12.37014838,9228.3291
Kraken,btc_eur,9235.4,1601536272.994877,9235.4,1.4628028,9236.4,12.37014838,9228.33075
Kraken,btc_eur,9235.5,1601536273.512462,9235.4,2.29600436,9235.5,0.49977671,9228.33094
Kraken,btc_usd,10836.2,1601536273.857744,10836.1,2.61871561,10836.2,1.7,10816.16637
Kraken,eth_usd,363.37,1601536273.97384,363.36,11.64353488,363.37,150.16891392,361.21552
Kraken,btc_eur,9235.5,1601536275.554087,9235.4,2.29600436,9235.5,3.70828183,9228.33145
Kraken,btc_eur,9235.4,1601536278.28703,9235.4,2.28466536,9235.5,3.98011166,9228.33151
Kraken,btc_usd,10836.1,1601536279.292826,10836.1,1.68874409,10836.2,2.71241085,10816.16766
Kraken,eth_eur,309.49,1601536280.656279,309.5,0.00042843,309.51,119.43349264,309.21518
Kraken,btc_eur,9235.5,1601536282.002015,9235.4,2.28466536,9235.5,3.95887275,9228.33162
Kraken,btc_eur,9235.4,1601536284.60133,9235.4,0.28466536,9235.5,3.95887275,9228.34183
Kraken,eth_usd,363.37,1601536285.460275,363.36,11.64353488,363.37,138.92485703,361.21764
Kraken,btc_eur,9235.5,1601536290.126234,9235.4,1.40931407,9235.5,5.44068532,9228.34688
Kraken,btc_eur,9235.5,1601536311.026689,9235.4,1.40931407,9235.5,11.30712118,9228.34693
Kraken,btc_usd,10836.5,1601536311.636505,10836.5,1.29666667,10836.6,2.7894061,10816.16777
Kraken,btc_eur,9235.5,1601536313.293837,9235.4,1.40931407,9235.5,11.27774387,9228.34708
Kraken,btc_usd,10836.6,1601536315.462596,10836.5,1.81077718,10836.6,2.48601024,10816.16782
Kraken,btc_eur,9235.4,1601536317.090275,9235.4,1.40121407,9235.5,11.32592633,9228.34712
Kraken,btc_eur,9235.4,1601536324.032519,9235.4,5.14011287,9235.5,7.6712433,9228.34722
Kraken,btc_eur,9235.5,1601536328.561717,9235.4,4.74011287,9235.5,7.6682433,9228.34723
Kraken,btc_eur,9235.4,1601536331.725215,9235.4,4.80891507,9235.5,8.4182433,9228.34786
Kraken,btc_eur,9235.4,1601536332.761248,9235.4,4.79804935,9235.5,8.4182433,9228.34791
Kraken,btc_eur,9235.5,1601536334.09475,9235.4,4.86106455,9235.5,7.12202014,9228.3546
Kraken,btc_eur,9235.4,1601536334.102324,9235.4,4.65441479,9235.5,7.12202014,9228.35565
Kraken,btc_eur,9235.5,1601536336.938808,9235.4,4.1277572,9235.5,6.57490241,9228.35567
Kraken,btc_eur,9235.4,1601536337.80767,9235.4,4.42165152,9235.5,6.57490241,9228.35573
Kraken,btc_eur,9235.5,1601536338.401882,9235.4,4.42165152,9235.5,6.57009983,9228.35575
Kraken,btc_eur,9235.5,1601536338.599338,9235.4,4.82165152,9235.5,6.56909983,9228.35576
Kraken,btc_eur,9235.5,1601536339.59035,9235.4,4.82165152,9235.5,6.55735387,9228.35582
Kraken,btc_eur,9235.4,1601536343.073711,9235.4,5.60789237,9235.5,6.55735387,9228.35587
Kraken,btc_eur,9235.4,1601536350.85165,9235.4,5.18783951,9235.5,6.55735387,9228.35597
Kraken,eth_usd,363.37,1601536355.031932,363.36,10.18,363.37,141.92428523,361.21764
Kraken,btc_eur,9235.5,1601536356.351504,9235.4,5.18783951,9235.5,6.12544387,9228.3582
Kraken,btc_usd,10839.3,1601536358.085421,10839.2,0.89449296,10839.3,1.9471,10816.1697
Kraken,btc_eur,9235.5,1601536362.291539,9235.4,5.18783951,9235.5,5.91576048,9228.35927
Kraken,eth_eur,309.49,1601536369.831467,309.49,58.66092521,309.5,40.0,309.21524
Kraken,btc_usd,10839.3,1601536375.05131,10839.2,2.77949296,10839.3,1.4471,10816.18743
Kraken,eth_usd,363.36,1601536393.974978,363.36,10.53117122,363.37,11.03094311,361.21765
Kraken,eth_eur,309.5,1601536394.096232,309.49,19.51592521,309.5,80.38093534,309.21529
Kraken,btc_usd,10836.6,1601536408.023683,10836.6,1.99973,10839.3,3.45882299,10816.18857
Kraken,eth_eur,309.48,1601536409.843868,309.48,5.22377,309.5,122.20693534,309.21548
Kraken,btc_eur,9235.5,1601536412.180179,9235.4,1.27118231,9235.5,7.60754621,9228.35935
Kraken,btc_eur,9235.4,1601536413.026002,9235.4,0.7936038,9235.5,7.60754621,9228.35937
Kraken,btc_eur,9235.5,1601536416.33409,9235.4,0.9283338,9235.5,7.57633818,9228.35953
Kraken,eth_usd,363.36,1601536417.768891,363.36,8.73894427,363.37,150.88672295,361.21786
Kraken,btc_eur,9235.5,1601536421.922406,9235.4,1.4022538,9235.5,7.57265443,9228.35955
Kraken,btc_eur,9239.9,1601536425.573614,9235.4,1.2675238,9239.9,1.17063342,9228.43427
Kraken,btc_eur,9236.5,1601536433.913304,9236.4,0.13573,9236.5,0.58265649,9228.4344
Kraken,btc_eur,9236.4,1601536434.300936,9236.4,0.05560534,9236.5,0.58265649,9228.43486
Kraken,btc_eur,9236.5,1601536434.348743,9236.4,0.05560534,9236.5,0.55025649,9228.43504
Kraken,btc_eur,9236.4,1601536434.707071,9236.4,0.0441968,9236.5,1.05025649,9228.43511
Kraken,btc_eur,9236.4,1601536440.472245,9236.4,2.72166425,9236.5,0.39774566,9228.43517
Kraken,btc_eur,9236.8,1601536442.35719,9236.4,2.72166425,9236.8,0.0889365,9228.44101
Kraken,eth_eur,309.5,1601536446.055157,309.49,21.21154561,309.5,109.09441557,309.21549
Kraken,btc_eur,9236.8,1601536447.982983,9236.7,0.22520169,9236.8,0.08709075,9228.44102
Kraken,btc_eur,9236.8,1601536449.311884,9236.7,0.41520169,9236.8,0.49129786,9228.44135
Kraken,eth_eur,309.49,1601536465.329512,309.49,1.03976,309.5,109.09441557,309.21554
Kraken,btc_eur,9236.7,1601536473.526636,9236.7,0.00769261,9236.8,3.61062456,9228.44138
Kraken,btc_eur,9236.8,1601536475.923595,9236.7,0.00769261,9236.8,3.46451947,9228.44197
Kraken,eth_eur,309.33,1601536478.748091,309.32,0.44556,309.33,57.28287378,309.21556
Kraken,eth_usd,363.31,1601536487.133039,363.3,2.2241892,363.31,207.96711015,361.21786
Kraken,btc_usd,10835.7,1601536494.966076,10835.7,4.34988541,10835.8,0.85628199,10816.18984
Kraken,btc_eur,9236.7,1601536497.113051,9236.7,0.00325384,9236.8,4.06451947,9228.44199
Kraken,btc_usd,10835.7,1601536503.105724,10835.7,4.34416541,10835.8,0.85628199,10816.19001
Kraken,btc_eur,9236.8,1601536505.642486,9236.7,0.00325384,9236.8,3.75378094,9228.44356
Kraken,btc_eur,9236.8,1601536507.44384,9236.7,0.00325384,9236.8,3.68378094,9228.44951
Kraken,btc_eur,9236.8,1601536508.517543,9236.7,0.00325384,9236.8,3.60973348,9228.44985
Kraken,btc_eur,9236.7,1601536508.625501,9236.7,0.00042682,9236.8,3.60973348,9228.44986
Kraken,btc_eur,9235.5,1601536508.689372,9235.5,0.83614119,9236.8,3.60973348,9228.44988
Kraken,btc_eur,9235.5,1601536510.141785,9235.5,1.45932126,9235.6,0.71155333,9228.44999
Kraken,btc_eur,9235.6,1601536516.598015,9235.5,3.97728872,9235.6,0.35269437,9228.45
Kraken,btc_eur,9235.6,1601536517.460192,9235.5,3.97728872,9235.6,0.13659529,9228.45001
Kraken,btc_eur,9235.6,1601536518.106184,9235.5,3.57728872,9235.6,0.12670829,9228.45006
Kraken,btc_eur,9235.6,1601536518.698412,9235.5,3.57728872,9235.6,0.10208643,9228.45019
Kraken,btc_eur,9235.6,1601536519.507625,9235.5,3.57728872,9235.6,0.07966719,9228.4503
Kraken,btc_eur,9235.5,1601536519.930952,9235.5,3.53737942,9235.6,0.07966719,9228.4505
Kraken,btc_eur,9235.5,1601536531.263394,9235.5,3.90482342,9235.6,0.07966719,9228.45066
Kraken,btc_usd,10835.8,1601536563.833216,10835.7,2.14150603,10835.8,0.17179006,10816.19086
Kraken,btc_eur,9235.5,1601536563.890925,9235.5,3.67558242,9235.6,0.65630819,9228.45071
Kraken,btc_eur,9235.6,1601536563.904157,9235.5,3.67558242,9235.6,0.65420819,9228.45072
Kraken,btc_eur,9235.6,1601536568.543458,9235.5,1.60761496,9235.6,0.45370819,9228.45075
Kraken,btc_eur,9235.5,1601536570.462597,9235.5,3.61634742,9235.6,0.45370819,9228.4508
Kraken,btc_eur,9235.6,1601536580.517861,9235.5,3.59837996,9235.6,0.69880862,9228.45082
Kraken,eth_eur,309.47,1601536584.19502,309.47,29.90233612,309.48,0.5,309.21574
Kraken,btc_eur,9235.5,1601536585.397063,9235.5,3.91634742,9235.6,0.44880862,9228.45132
Kraken,btc_eur,9235.5,1601536587.177798,9235.5,3.90750849,9235.6,0.44880862,9228.45137
Kraken,eth_usd,363.44,1601536590.776576,363.41,0.3892776,363.44,3.28347319,361.22636
Kraken,btc_eur,9235.6,1601536591.482963,9235.5,3.90750849,9235.6,0.69272862,9228.45165
Kraken,btc_eur,9235.5,1601536600.85501,9235.5,3.16195525,9235.6,0.69272862,9228.4533
Kraken,eth_eur,309.5,1601536606.852342,309.47,71.97751487,309.5,1.02766617,309.21726
Kraken,btc_eur,9235.5,1601536607.176927,9235.5,3.45739525,9235.6,0.69272862,9228.45382
Kraken,btc_eur,9235.6,1601536609.410018,9235.5,3.45839525,9235.6,0.68565095,9228.45395
Kraken,btc_eur,9235.6,1601536609.818588,9235.5,3.45839525,9235.6,0.66324854,9228.45406
Kraken,btc_eur,9235.6,1601536615.701315,9235.5,3.05839525,9235.6,0.7317764,9228.45467
Kraken,eth_usd,363.4,1601536616.613687,363.32,10.0342776,363.4,0.23580322,361.22636
Kraken,btc_eur,9235.5,1601536616.680248,9235.5,1.04890649,9235.6,1.1517764,9228.45472
Kraken,btc_eur,9235.5,1601536622.638268,9235.5,0.66069149,9235.6,1.1517764,9228.45479
Kraken,btc_usd,10835.8,1601536627.069289,10835.7,2.12807603,10835.8,0.16265062,10816.19128
Kraken,btc_eur,9235.5,1601536630.496421,9235.5,0.65527515,9235.6,1.1517764,9228.45482
Kraken,eth_eur,309.5,1601536630.883648,309.49,37.76921464,309.5,0.69936793,309.21729
Kraken,btc_eur,9235.6,1601536631.346091,9235.5,0.65527515,9235.6,1.01138177,9228.45553
Kraken,btc_usd,10835.8,1601536640.648507,10835.7,2.12807603,10835.8,0.09047663,10816.19344
Kraken,btc_usd,10835.7,1601536665.145508,10835.7,2.36734803,10835.8,0.09047663,10816.19377
Kraken,eth_eur,309.49,1601536670.975009,309.49,112.40818938,309.5,0.47766617,309.21734
Kraken,eth_eur,309.49,1601536672.630806,309.49,113.96048975,309.5,0.47766617,309.21735
Kraken,btc_eur,9235.6,1601536676.358164,9235.5,3.47324261,9235.6,0.52041431,9228.4558
Kraken,eth_usd,363.57,1601536677.132718,363.48,37.03281937,363.57,16.42333154,361.23387
Kraken,btc_eur,9235.6,1601536677.225682,9235.5,3.47324261,9235.6,0.49541431,9228.45593
Kraken,btc_eur,9235.6,1601536680.312504,9235.5,3.48860779,9235.6,0.48988069,9228.45595
Kraken,btc_usd,10835.8,1601536683.240689,10835.7,2.11734803,10835.8,0.04822072,10816.19504
Kraken,btc_eur,9235.6,1601536698.783869,9235.5,3.11022958,9235.6,0.46768513,9228.45607
Kraken,eth_eur,309.5,1601536699.07341,309.49,117.2400702,309.5,3.82957542,309.21736
Kraken,btc_eur,9235.6,1601536700.709111,9235.5,3.11022958,9235.6,0.44061513,9228.45621
Kraken,btc_eur,9235.5,1601536701.218822,9235.5,3.10840336,9235.6,0.44061513,9228.45621
Kraken,btc_usd,10835.8,1601536702.171572,10835.7,3.01734803,10835.8,0.03583575,10816.19527
Kraken,eth_eur,309.5,1601536702.193898,309.49,117.2400702,309.5,3.62174796,309.21736
Kraken,btc_eur,9235.5,1601536703.732745,9235.5,3.10601956,9235.6,0.44061513,9228.45623
Kraken,btc_eur,9235.5,1601536713.375665,9235.5,3.10056479,9235.6,0.30208727,9228.45625
Kraken,btc_eur,9235.5,1601536718.985568,9235.5,3.09468859,9235.6,0.39827531,9228.45628
Kraken,btc_eur,9235.6,1601536721.435274,9235.5,3.09468859,9236.0,0.13847466,9228.45831
Kraken,eth_eur,309.49,1601536723.466753,309.49,174.26277917,309.5,3.62174796,309.21881
Kraken,eth_eur,309.5,1601536729.071403,309.49,164.84277917,309.5,3.69777298,309.21882
Kraken,eth_eur,309.5,1601536740.059917,309.49,85.90347158,309.65,619.88679343,309.21896
Kraken,btc_eur,9235.9,1601536755.058246,9235.9,3.65927485,9236.0,0.19369938,9228.45832
Kraken,btc_eur,9235.9,1601536765.785588,9235.9,3.55967485,9236.0,0.29677357,9228.45884
Kraken,eth_eur,309.64,1601536771.739949,309.64,74.3275409,309.65,614.98679343,309.21946
Kraken,btc_eur,9235.9,1601536773.112658,9235.9,1.53710394,9236.0,0.31474103,9228.45887
Kraken,btc_eur,9236.0,1601536774.830874,9235.9,3.5550714,9236.0,0.08703675,9228.45999
Kraken,btc_eur,9235.9,1601536783.17952,9235.9,1.52492394,9236.0,0.15644212,9228.46006
Kraken,btc_eur,9236.0,1601536783.29336,9235.9,1.52492394,9236.0,0.13317956,9228.46018
Kraken,btc_eur,9236.0,1601536783.811499,9235.9,1.52492394,9236.0,0.12331141,9228.46024
Kraken,btc_eur,9236.0,1601536784.117809,9235.9,1.52492394,9236.0,0.12168927,9228.46024
Kraken,btc_eur,9236.0,1601536784.20219,9235.9,3.52492394,9236.0,0.09952213,9228.46036
Kraken,btc_usd,10836.1,1601536788.623201,10835.7,2.39707603,10836.1,0.63030675,10816.2091
Kraken,btc_usd,10836.0,1601536789.487924,10836.0,0.78912362,10836.1,0.63030675,10816.21035
Kraken,btc_eur,9235.9,1601536801.247293,9235.9,3.49211212,9236.0,0.62972622,9228.46054
Kraken,eth_eur,309.65,1601536801.548372,309.64,80.0082109,309.65,614.01751995,309.21952
Kraken,btc_eur,9236.0,1601536801.959353,9235.9,1.49211212,9236.0,0.68324909,9228.46068
Kraken,btc_eur,9236.0,1601536802.616179,9235.9,1.49211212,9236.0,1.26860878,9228.46074
Kraken,btc_eur,9235.9,1601536803.677458,9235.9,1.47441212,9236.0,1.20649617,9228.46083
Kraken,btc_eur,9236.0,1601536804.071761,9235.9,1.47441212,9236.0,1.25778158,9228.46089
Kraken,eth_eur,309.65,1601536804.213233,309.64,80.0082109,309.65,613.80751995,309.21953
Kraken,btc_usd,10839.1,1601536805.000099,10839.0,0.42,10839.1,0.29757953,10816.21049
Kraken,eth_usd,363.81,1601536808.889804,363.72,11.57,363.81,16.85488238,361.24271
Kraken,btc_eur,9235.9,1601536817.954804,9235.9,1.63799712,9236.0,1.25778158,9228.46092
Kraken,btc_eur,9235.9,1601536822.330606,9235.9,1.63364109,9236.0,1.25778158,9228.46094
Kraken,btc_eur,9235.9,1601536823.231598,9235.9,1.54047135,9236.0,1.25778158,9228.46143
Kraken,btc_eur,9236.0,1601536825.882907,9235.9,1.98166456,9236.0,3.17665717,9228.46409
Kraken,eth_eur,309.65,1601536826.210147,309.64,10.15922,309.65,629.82126352,309.21955
Kraken,eth_usd,363.78,1601536827.096626,363.77,0.39934755,363.78,88.55250235,361.24289
Kraken,btc_eur,9235.9,1601536829.357715,9235.9,1.9864832,9236.0,2.80335937,9228.46412
Kraken,btc_usd,10839.1,1601536832.741632,10839.0,1.40675217,10839.1,0.27757953,10816.21119
Kraken,btc_eur,9235.9,1601536833.101904,9235.9,1.98171978,9236.0,2.80335937,9228.46414
Kraken,btc_eur,9235.9,1601536833.583439,9235.9,1.96786743,9236.0,2.89954146,9228.46422
Kraken,btc_eur,9235.9,1601536834.434083,9235.9,1.96561473,9236.0,2.89954146,9228.46423
Kraken,btc_eur,9236.0,1601536834.998696,9235.9,1.96561473,9236.0,2.77454146,9228.4649
Kraken,btc_eur,9235.9,1601536838.029782,9235.9,1.98336592,9236.0,0.29676936,9228.46495
Kraken,btc_eur,9235.9,1601536839.619356,9235.9,1.47329066,9236.0,3.13364048,9228.46558
Kraken,btc_eur,9235.9,1601536842.715173,9235.9,1.46449066,9236.0,3.24392303,9228.46563
Kraken,btc_eur,9236.0,1601536850.027284,9235.9,0.49329066,9236.0,5.37248668,9228.46568
Kraken,btc_usd,10839.1,1601536864.502002,10839.0,1.11242426,10839.1,0.27398404,10816.21132
Kraken,btc_eur,9235.9,1601536866.008746,9235.9,0.88445632,9236.0,3.31533301,9228.46573
Kraken,btc_eur,9235.9,1601536867.33087,9235.9,0.90498294,9236.0,2.92533301,9228.46576
Kraken,btc_eur,9236.0,1601536871.952517,9235.9,0.50498294,9236.0,3.13417601,9228.46577
Kraken,btc_eur,9236.0,1601536873.64475,9235.9,0.73998294,9236.0,3.02881032,9228.46588
Kraken,eth_eur,309.65,1601536874.742677,309.64,62.73991445,309.65,521.92262377,309.22501
Kraken,btc_eur,9235.9,1601536879.095712,9235.9,0.68160853,9236.0,2.96669771,9228.46618
Kraken,btc_eur,9235.9,1601536881.823561,9235.9,0.62323489,9236.0,2.96669771,9228.46649
Kraken,btc_eur,9236.0,1601536881.949584,9235.9,0.5962837,9236.0,3.01266952,9228.46658
Kraken,btc_eur,9235.9,1601536884.602922,9235.9,0.52282783,9236.0,2.95055691,9228.46711
Kraken,eth_eur,309.65,1601536885.647289,309.64,80.22721525,309.65,521.680922,309.22501
Kraken,btc_eur,9236.0,1601536885.664214,9235.9,0.49587664,9236.0,3.01166952,9228.46711
Kraken,btc_eur,9236.0,1601536886.70316,9235.9,0.49587664,9236.0,3.00517321,9228.46715
Kraken,btc_eur,9235.9,1601536889.016839,9235.9,0.46445032,9236.0,2.7330606,9228.46746
Kraken,btc_eur,9235.9,1601536892.848767,9235.9,0.42711553,9236.0,2.79517321,9228.46751
Kraken,btc_eur,9236.0,1601536897.321482,9235.9,0.42711553,9236.0,2.83735283,9228.4678
Kraken,btc_eur,9235.9,1601536906.354766,9235.9,0.45292935,9236.0,0.93524905,9228.46781
Kraken,btc_eur,9235.9,1601536909.384108,9235.9,0.36805935,9236.0,0.93524905,9228.46826
Kraken,eth_usd,363.89,1601536920.887963,363.84,13.205,363.89,20.41996829,361.24293
Kraken,btc_usd,10839.3,1601536924.31227,10839.2,0.95651725,10839.3,0.00676008,10816.21318
Kraken,btc_eur,9236.0,1601536924.535872,9235.9,0.10610816,9236.0,5.02032543,9228.46884
Kraken,btc_eur,9235.6,1601536925.382213,9235.9,0.00027703,9236.0,5.02032543,9228.46989
Kraken,btc_eur,9235.7,1601536931.853358,9235.6,9.53500896,9235.7,2.75247323,9228.46998
Kraken,btc_eur,9235.7,1601536940.144012,9235.6,9.53500896,9235.7,3.38457057,9228.47154
Kraken,btc_eur,9235.6,1601536943.434396,9235.6,9.53380782,9235.7,3.59229219,9228.47155
Kraken,eth_usd,363.85,1601536945.069761,363.85,1.24,363.86,84.09965725,361.24329
Kraken,btc_eur,9235.6,1601536946.968773,9235.6,9.39431772,9235.7,3.60127592,9228.47226
Kraken,btc_eur,9235.7,1601536948.905057,9235.6,9.39431772,9235.7,3.43361219,9228.47312
Kraken,btc_eur,9235.6,1601536953.264875,9235.6,9.38923278,9235.7,5.43361219,9228.47314
Kraken,btc_eur,9235.7,1601536960.846027,9235.6,9.38923278,9235.7,11.87992269,9228.47328
Kraken,eth_eur,309.64,1601536967.347621,309.64,6.07414,309.65,572.37762377,309.22524
Kraken,eth_eur,309.65,1601536969.129289,309.64,6.07401928,309.65,571.40762377,309.2253
Kraken,eth_eur,309.63,1601536973.239732,309.62,25.95698558,309.63,40.97287379,309.22532
Kraken,btc_eur,9235.7,1601536973.54783,9235.6,9.38923278,9235.7,11.87396753,9228.47331
Kraken,btc_eur,9235.6,1601536976.741357,9235.6,9.38567163,9235.7,11.93471232,9228.47333
Kraken,eth_usd,363.68,1601536979.86511,363.68,12.72582967,363.69,45.29587317,361.24353
Kraken,eth_eur,309.62,1601536983.251161,309.62,8.14032592,309.63,77.60087826,309.22563
Kraken,btc_eur,9235.6,1601536986.266719,9235.6,9.26573529,9235.7,11.85804345,9228.47393
Kraken,eth_usd,363.7,1601536986.866302,363.68,13.12517722,363.7,12.0581145,361.25199
Kraken,btc_eur,9235.6,1601536988.809974,9235.6,9.25819088,9235.7,11.85804345,9228.47397
Kraken,btc_eur,9235.7,1601536991.99134,9235.6,9.25819088,9235.7,11.83952345,9228.47407
Kraken,btc_eur,9235.6,1601536994.437047,9235.6,9.1966069,9235.7,11.6471227,9228.47438
Kraken,btc_eur,9235.6,1601536996.285075,9235.6,9.1874469,9235.7,11.6471227,9228.47443
Kraken,btc_eur,9235.6,1601537006.446126,9235.6,7.8922469,9235.7,12.94481357,9228.48098
Kraken,btc_eur,9235.6,1601537006.616698,9235.6,7.87616851,9235.7,13.26226886,9228.48106
Kraken,btc_usd,10836.0,1601537009.302972,10835.7,0.294,10836.1,6.6759945,10816.21324
Kraken,btc_eur,9235.6,1601537009.303491,9235.6,7.82792764,9235.7,13.26532886,9228.4813
Kraken,btc_eur,9235.6,1601537009.303843,9235.6,7.73605064,9235.7,13.26532886,9228.48177
Kraken,btc_eur,9235.6,1601537009.304194,9235.6,7.27406373,9235.7,13.26532886,9228.4841
Kraken,btc_eur,9235.6,1601537009.304545,9235.6,7.26974273,9235.7,13.16912848,9228.48412
Kraken,btc_eur,9235.6,1601537009.304899,9235.6,6.80775582,9235.7,13.16912848,9228.48645
Kraken,btc_eur,9235.6,1601537009.305254,9235.6,6.34576891,9235.7,13.16912848,9228.48878
Kraken,eth_usd,363.67,1601537009.305611,363.67,0.00610945,363.69,218.74549689,361.25411
Kraken,btc_eur,9235.6,1601537009.305968,9235.6,5.13216891,9235.7,13.16912848,9228.49489
Kraken,btc_eur,9235.6,1601537009.306323,9235.6,4.670182,9235.7,13.20662848,9228.49721
Kraken,btc_eur,9235.6,1601537009.306673,9235.6,4.62193934,9235.7,13.20662848,9228.49746
Kraken,btc_eur,9235.6,1601537009.307023,9235.6,4.48335044,9235.7,13.20662848,9228.49815
Kraken,btc_eur,9235.6,1601537013.248906,9235.6,4.47810713,9235.7,13.20662848,9228.49818
Kraken,btc_eur,9235.6,1601537015.282922,9235.6,4.46760713,9235.7,12.66207057,9228.49823
Kraken,btc_eur,9235.6,1601537015.758846,9235.6,4.41936416,9235.7,12.80655691,9228.49847
Kraken,btc_eur,9235.6,1601537016.431642,9235.6,4.36936416,9235.7,12.70049691,9228.49873
Kraken,btc_eur,9235.6,1601537017.18085,9235.6,4.35328362,9235.7,12.70049691,9228.49881
Kraken,btc_eur,9235.6,1601537018.371074,9235.6,4.33720308,9235.7,12.70049691,9228.49889
Kraken,btc_usd,10835.8,1601537018.596433,10835.7,0.294,10835.8,8.20669473,10816.21434
Kraken,btc_eur,9235.6,1601537020.692478,9235.6,4.32112254,9235.7,12.70049691,9228.49897
Kraken,btc_eur,9235.6,1601537021.804769,9235.6,4.30504204,9235.7,12.70049691,9228.49905
Kraken,btc_eur,9235.7,1601537027.571176,9235.6,4.70504204,9235.7,12.48387332,9228.49913
Kraken,eth_usd,363.59,1601537028.15417,363.59,5.02386505,363.68,40.75,361.25412
Kraken,eth_usd,363.72,1601537042.782086,363.49,2.16,363.72,19.31048729,361.27054
Kraken,eth_eur,309.61,1601537044.396378,309.6,32.625,309.61,45.91810177,309.22565
Kraken,btc_usd,10835.8,1601537044.537194,10835.7,0.500096,10835.8,0.8638227,10816.21611
Kraken,eth_eur,309.6,1601537047.795358,309.6,48.05895533,309.61,45.91810177,309.22592
Kraken,btc_eur,9235.7,1601537051.83223,9235.6,4.30504204,9235.7,12.42785332,9228.49922
Kraken,btc_eur,9235.7,1601537054.067599,9235.6,4.30504204,9235.7,12.40537611,9228.49934
Kraken,btc_eur,9235.7,1601537054.492141,9235.6,4.30504204,9235.7,12.67939202,9228.49946
Kraken,btc_eur,9235.7,1601537054.910473,9235.6,4.30504204,9235.7,12.67465271,9228.49948
Kraken,btc_eur,9235.7,1601537055.345501,9235.6,4.30504204,9235.7,12.65609505,9228.49957
Kraken,btc_eur,9235.6,1601537061.071479,9235.6,4.25159391,9235.7,12.65609505,9228.49984
Kraken,eth_eur,309.54,1601537068.641089,309.54,4.96200922,309.59,16.0,309.22605
Kraken,btc_eur,9235.6,1601537073.201988,9235.6,4.25575381,9235.7,12.65609505,9228.49987
Kraken,btc_eur,9235.6,1601537082.51184,9235.6,4.250212,9235.7,12.64714263,9228.49995
Kraken,btc_usd,10835.8,1601537087.270746,10835.7,0.91785855,10835.8,1.40367592,10816.21639
Kraken,eth_eur,309.56,1601537090.450297,309.55,31.09647554,309.56,42.1487,309.22605
Kraken,btc_eur,9235.6,1601537092.659521,9235.6,4.3216409,9235.7,12.64916746,9228.50004
Kraken,btc_eur,9235.6,1601537100.529233,9235.6,4.31730188,9235.7,12.65815119,9228.50006
Kraken,btc_usd,10835.8,1601537105.005953,10835.7,0.319,10835.8,7.65169969,10816.21731
Kraken,btc_eur,9235.6,1601537107.605132,9235.6,8.65997321,9235.7,12.64916746,9228.50011
Kraken,btc_eur,9235.6,1601537109.328581,9235.6,8.61095976,9235.7,12.64916746,9228.50035
Kraken,btc_eur,9235.7,1601537112.457606,9235.6,8.61095976,9235.7,12.63296246,9228.50044
Kraken,btc_eur,9235.6,1601537116.10457,9235.6,8.52340348,9235.7,12.63296246,9228.50088
Kraken,btc_eur,9235.6,1601537120.99962,9235.6,8.51652348,9235.7,12.63296246,9228.50091
Kraken,btc_eur,9235.7,1601537124.200327,9235.6,8.51652348,9235.7,12.60048246,9228.50108
Kraken,btc_eur,9235.7,1601537129.567632,9235.6,8.51652348,9235.7,12.32978246,9228.50246
Kraken,eth_usd,363.54,1601537131.63071,363.53,2.68228413,363.54,29.4164058,361.27054
Kraken,btc_eur,9235.6,1601537133.194104,9235.6,8.51095418,9235.7,12.32978246,9228.50248
Kraken,eth_eur,309.59,1601537134.415553,309.58,2.0575615,309.59,56.70277891,309.22605
Kraken,eth_eur,309.58,1601537140.79589,309.58,30.60735074,309.59,45.95160689,309.22606
Kraken,btc_eur,9235.6,1601537140.846116,9235.6,8.49261185,9235.7,12.32978246,9228.50258
Kraken,btc_eur,9235.6,1601537142.272668,9235.6,8.48761185,9235.7,12.32978246,9228.5026
Kraken,btc_eur,9235.6,1601537145.01213,9235.6,8.46682819,9235.7,12.32978246,9228.50271
Kraken,btc_eur,9235.7,1601537145.049083,9235.6,8.46682819,9235.7,12.13024085,9228.50372
Kraken,btc_eur,9235.7,1601537145.780369,9235.6,8.47280704,9235.7,12.10785962,9228.50383
Kraken,btc_eur,9235.7,1601537146.195888,9235.6,8.47280704,9235.7,12.09994704,9228.50387
Kraken,btc_eur,9235.7,1601537146.62434,9235.6,8.47280704,9235.7,12.07578774,9228.504
Kraken,btc_eur,9235.7,1601537171.901428,9235.6,8.49206022,9235.7,11.54384274,9228.50403
Kraken,btc_eur,9235.7,1601537178.933486,9235.6,8.49206022,9235.7,11.29656474,9228.5051
Kraken,eth_eur,309.58,1601537180.897302,309.58,53.87934062,309.59,45.95160689,309.22611
Kraken,btc_usd,10835.8,1601537187.845565,10835.7,0.319,10835.8,8.10144051,10816.22171
Kraken,btc_usd,10835.8,1601537192.019158,10835.7,0.319,10835.8,8.09871138,10816.22179
Kraken,btc_eur,9235.6,1601537193.233591,9235.6,8.48633034,9235.7,11.25906474,9228.50513
Kraken,btc_eur,9235.6,1601537196.272265,9235.6,3.88633034,9235.7,11.25906474,9228.52813
Kraken,eth_eur,309.59,1601537198.328304,309.58,100.50434062,309.59,44.13443015,309.2262
Kraken,btc_usd,10835.8,1601537203.308245,10835.7,6.49498962,10835.8,0.98970308,10816.2221
Kraken,btc_eur,9235.7,1601537206.594822,9235.6,8.81187164,9235.7,0.14264358,9228.52815
Kraken,btc_eur,9235.6,1601537213.613027,9235.6,9.0021862,9235.7,0.29059549,9228.52835
Kraken,btc_eur,9235.7,1601537214.525511,9235.6,9.0021862,9236.3,0.06211261,9228.52982
Kraken,btc_usd,10839.1,1601537214.567336,10839.1,0.48117631,10839.2,0.035,10816.22291
Kraken,btc_eur,9236.2,1601537214.731357,9236.2,2.4365179,9236.3,0.06211261,9228.53034
Kraken,btc_eur,9235.6,1601537221.364577,9235.6,7.88159071,9236.3,0.06211261,9228.55176
Kraken,btc_eur,9236.3,1601537225.695366,9236.2,2.59741787,9236.3,0.05664772,9228.55179
Kraken,eth_eur,309.63,1601537226.978283,309.63,54.91105462,309.64,1.5,309.22621
Kraken,btc_eur,9242.5,1601537231.116069,9236.2,2.91347559,9242.5,2.86350924,9228.60716
Kraken,btc_eur,9239.8,1601537231.880422,9237.1,2.0,9239.8,0.08228732,9228.60727
Kraken,eth_eur,309.64,1601537232.041783,309.63,42.05701674,309.64,8.28116375,309.22623
Kraken,btc_eur,9237.2,1601537233.05877,9237.2,0.8265807,9240.5,0.06211261,9228.60736
Kraken,btc_eur,9238.1,1601537235.075104,9238.1,1.64128524,9240.3,0.18463454,9228.61264
Kraken,eth_usd,363.62,1601537236.616272,363.62,69.77028412,363.63,1.64647815,361.27055
Kraken,btc_usd,10841.8,1601537237.089054,10839.2,2.97620153,10841.8,0.15874608,10816.22655
Kraken,btc_eur,9239.6,1601537238.513514,9239.2,2.0,9239.6,0.1176943,9228.6128
Kraken,btc_eur,9239.6,1601537238.980807,9239.3,0.0067378,9239.6,0.09480524,9228.61297
Kraken,btc_eur,9239.6,1601537239.44704,9239.3,0.0067378,9239.6,0.06861439,9228.61317
Kraken,btc_eur,9239.2,1601537240.884954,9239.2,1.99892093,9239.6,0.06861439,9228.61323
Kraken,btc_eur,9239.7,1601537245.175067,9239.2,1.99892093,9239.7,0.10470467,9228.61402
Kraken,eth_eur,309.63,1601537246.786359,309.63,45.36497002,309.64,1.23616375,309.22624
Kraken,btc_eur,9239.6,1601537248.226885,9239.2,1.99892093,9239.6,0.06829074,9228.61456
Kraken,eth_usd,363.63,1601537260.812568,363.62,65.64228412,363.63,1.62633826,361.27055
Kraken,eth_eur,309.64,1601537275.871852,309.63,40.79997002,309.64,11.66314158,309.22634
Kraken,eth_usd,363.62,1601537278.080769,363.62,12.41228412,363.63,1.87221143,361.27069
Kraken,btc_eur,9239.1,1601537280.918164,9239.1,0.57513332,9239.2,0.62441065,9228.61618
Kraken,btc_eur,9239.1,1601537287.673463,9239.1,0.56956301,9239.2,0.37441065,9228.61622
Kraken,btc_eur,9239.2,1601537292.20734,9239.1,0.56956301,9239.2,0.10455307,9228.61821
Kraken,btc_eur,9239.2,1601537294.897685,9239.1,2.56956301,9239.2,0.23926298,9228.61824
Kraken,eth_eur,309.63,1601537295.160175,309.63,70.53962278,309.64,11.51314158,309.22635
Kraken,btc_eur,9239.2,1601537302.57084,9239.1,2.98753047,9239.2,0.14135298,9228.61896
Kraken,eth_eur,309.64,1601537304.095567,309.63,70.63962278,309.64,11.62277212,309.22635
Kraken,btc_eur,9239.2,1601537313.46469,9239.1,2.56956301,9239.2,0.11807321,9228.61911
Kraken,btc_eur,9239.2,1601537315.251466,9239.1,2.56956301,9239.2,0.17791483,9228.61913
Kraken,btc_eur,9239.2,1601537322.080967,9239.1,2.56956301,9239.2,0.34787689,9228.61923
Kraken,btc_eur,9239.2,1601537322.220695,9239.1,2.56956301,9239.2,0.32453803,9228.61927
Kraken,btc_eur,9239.2,1601537322.515988,9239.1,2.56956301,9239.2,0.57036384,9228.61943
Kraken,btc_eur,9239.2,1601537322.951324,9239.1,2.56956301,9239.2,0.54779533,9228.6196
Kraken,btc_eur,9239.2,1601537323.251428,9239.1,2.56956301,9239.2,0.47611384,9228.61999
Kraken,btc_eur,9239.2,1601537323.376816,9239.1,2.56956301,9239.2,0.19841617,9228.6202
Kraken,btc_eur,9239.2,1601537324.577913,9239.1,2.56956301,9239.2,0.20262603,9228.62038
Kraken,eth_eur,309.65,1601537324.90208,309.64,100.70880556,309.65,498.710922,309.22763
Kraken,btc_eur,9239.2,1601537329.739172,9239.1,3.19653553,9239.2,0.13760923,9228.62236
Kraken,btc_eur,9239.2,1601537330.930241,9239.1,3.19653553,9239.2,0.24733275,9228.6238
Kraken,eth_eur,309.65,1601537334.749527,309.64,98.40880556,309.65,488.710922,309.22821
Kraken,eth_eur,309.65,1601537334.80343,309.64,98.40880556,309.65,456.710922,309.23005
Kraken,btc_usd,10841.8,1601537334.841844,10841.7,0.33120153,10841.8,0.02924171,10816.23162
Kraken,eth_eur,309.65,1601537335.102648,309.64,102.40880556,309.65,456.094922,309.23009
Kraken,btc_eur,9242.0,1601537335.798281,9242.0,0.86573029,9242.2,2.0,9228.6247
Kraken,eth_eur,309.65,1601537336.221113,309.64,179.60504655,309.65,453.22959024,309.23025
Kraken,eth_eur,309.65,1601537337.179035,309.64,183.70504655,309.65,425.82959024,309.23181
Kraken,btc_usd,10841.8,1601537337.497233,10841.7,6.44448885,10841.8,0.01973472,10816.23199
Kraken,eth_eur,309.65,1601537338.802343,309.64,179.56532527,309.65,425.66932068,309.23182
Kraken,eth_eur,309.65,1601537339.290125,309.64,179.56532527,309.65,392.66932068,309.23369
Kraken,btc_eur,9242.9,1601537341.304759,9242.9,3.57460999,9243.0,0.01083162,9228.62475
Kraken,eth_eur,309.65,1601537343.184444,309.64,206.73532527,309.65,365.66932068,309.2352
Kraken,btc_eur,9243.0,1601537349.670938,9242.9,4.59447474,9243.0,0.29310701,9228.62481
Kraken,eth_eur,309.65,1601537354.256976,309.64,180.23040754,309.65,355.66932068,309.23576
Kraken,eth_eur,309.65,1601537354.338285,309.64,180.23040754,309.65,324.77487281,309.23748
Kraken,btc_eur,9243.0,1601537355.18252,9242.9,4.59447474,9243.0,0.28809822,9228.62486
Kraken,eth_usd,363.63,1601537358.213261,363.62,234.62235327,363.63,1.37633826,361.27073
Kraken,btc_usd,10841.8,1601537358.220731,10841.7,8.49119861,10841.8,0.00131303,10816.23271
Kraken,btc_eur,9243.0,1601537366.993914,9242.9,0.48440253,9243.0,3.60386754,9228.62512
Kraken,eth_eur,309.65,1601537367.173334,309.64,61.09949405,309.65,324.13617534,309.23752
Kraken,btc_eur,9243.0,1601537368.53103,9242.9,0.48440253,9243.0,4.73659754,9228.62514
Kraken,btc_eur,9239.0,1601537369.81229,9239.0,1.2838461,9240.0,0.01796746,9228.62543
Kraken,btc_eur,9239.0,1601537373.299896,9239.0,1.27763802,9239.1,2.82868254,9228.62547
Kraken,eth_eur,309.65,1601537374.92849,309.64,41.1200464,309.65,340.10412143,309.23752
Kraken,eth_eur,309.64,1601537377.731458,309.64,66.3710604,309.65,370.10412143,309.23761
Kraken,btc_eur,9239.1,1601537380.102872,9239.0,0.47441192,9239.1,3.05861484,9228.62551
Kraken,btc_eur,9239.1,1601537380.888155,9239.0,0.47441192,9239.1,3.0532171,9228.62555
Kraken,eth_eur,309.64,1601537381.656211,309.64,46.7710604,309.65,370.10412143,309.23775
Kraken,eth_usd,363.63,1601537383.708797,363.62,126.28952383,363.63,1.11495826,361.27078
Kraken,btc_eur,9239.1,1601537385.042508,9239.0,0.47441192,9239.1,2.84624727,9228.62706
Kraken,btc_eur,9239.0,1601537385.199762,9239.0,0.47135803,9239.1,2.84624727,9228.62713
Kraken,btc_eur,9239.1,1601537387.056696,9239.0,0.47135803,9239.1,0.85276931,9228.62715
Kraken,btc_usd,10839.6,1601537387.260303,10839.6,0.83987704,10839.9,0.20464041,10816.2331
Kraken,eth_usd,363.63,1601537388.595258,363.62,156.28952383,363.63,1.08745776,361.27078
Kraken,eth_eur,309.65,1601537390.274387,309.64,47.02896974,309.65,353.80412143,309.23777
Kraken,btc_eur,9239.1,1601537403.110106,9239.0,0.47135803,9239.1,2.84044575,9228.62724
Kraken,btc_eur,9239.1,1601537406.150206,9239.0,0.47135803,9239.1,1.20661191,9228.62728
Kraken,btc_eur,9239.1,1601537411.574423,9239.0,0.47135803,9239.1,1.10417843,9228.62735
Kraken,btc_eur,9239.1,1601537412.043035,9239.0,0.47135803,9239.1,1.05105184,9228.62774
Kraken,btc_eur,9239.1,1601537412.497899,9239.0,0.47135803,9239.1,1.03259677,9228.62788
Kraken,btc_eur,9239.1,1601537412.939176,9239.0,0.47135803,9239.1,0.87011302,9228.62906
Kraken,btc_eur,9239.1,1601537413.386015,9239.0,0.47135803,9239.1,0.83272056,9228.62934
Kraken,btc_eur,9239.1,1601537414.094909,9239.0,0.47135803,9239.1,0.80617187,9228.62953
Kraken,btc_eur,9239.1,1601537414.536036,9239.0,0.47135803,9239.1,0.80357854,9228.62955
Kraken,btc_eur,9239.1,1601537414.974845,9239.0,0.47135803,9239.1,1.00739153,9228.63033
Kraken,btc_eur,9239.1,1601537414.993919,9239.0,0.47135803,9239.1,0.97311993,9228.63059
Kraken,btc_eur,9239.1,1601537415.414372,9239.0,0.47135803,9239.1,1.09255768,9228.63075
Kraken,btc_eur,9239.1,1601537415.456793,9239.0,0.47135803,9239.1,0.77617018,9228.63306
Kraken,btc_eur,9239.1,1601537415.84192,9239.0,0.47135803,9239.1,0.7549276,9228.63321
Kraken,btc_eur,9239.1,1601537416.064985,9239.0,0.47135803,9239.1,0.70153389,9228.6336
Kraken,btc_eur,9239.0,1601537421.577071,9239.0,0.46893766,9239.1,6.52439267,9228.63362
Kraken,btc_eur,9239.1,1601537421.623628,9239.0,0.46893766,9239.1,6.34241299,9228.63495
Kraken,btc_eur,9239.1,1601537428.406149,9239.0,0.46893766,9239.1,5.34068185,9228.63566
Kraken,btc_eur,9239.0,1601537433.429569,9239.0,0.46356694,9239.1,3.65007862,9228.63571
Kraken,btc_eur,9239.1,1601537439.773875,9239.0,0.46356694,9239.1,3.64405893,9228.63575
Kraken,btc_eur,9239.1,1601537440.257167,9239.0,0.46356694,9239.1,3.53833756,9228.63652
Kraken,btc_eur,9239.0,1601537447.982673,9239.0,0.11355907,9239.1,3.65007862,9228.63905
Kraken,eth_eur,309.65,1601537452.683668,309.64,146.42691128,309.65,320.45412143,309.23794
Kraken,btc_usd,10839.6,1601537456.500271,10839.6,0.24784175,10839.7,9.53838556,10816.23654
Kraken,btc_eur,9239.1,1601537458.802959,9239.0,0.94954086,9239.1,3.61644615,9228.63935
Kraken,btc_eur,9239.0,1601537464.373152,9239.0,0.93847065,9239.1,3.61644615,9228.63943
Kraken,eth_eur,309.64,1601537478.24581,309.64,94.7883734,309.65,381.80512143,309.23813
Kraken,btc_eur,9238.7,1601537479.646834,9238.7,0.31458894,9239.1,5.17002968,9228.64858
Kraken,btc_usd,10839.6,1601537480.999262,10839.6,0.22584175,10839.7,11.50333832,10816.23732
Kraken,btc_usd,10839.6,1601537482.951348,10839.6,4.175e-05,10839.7,13.34794415,10816.24539
Kraken,btc_eur,9238.7,1601537484.780886,9238.7,0.30871865,9238.8,5.15516009,9228.64862
Kraken,eth_usd,363.51,1601537487.274824,363.5,15.2,363.51,77.38713689,361.27086
Kraken,eth_eur,309.65,1601537488.642978,309.64,33.87748974,309.65,387.94402664,309.23815
Kraken,btc_eur,9238.7,1601537493.500065,9238.7,0.30218648,9238.8,4.52289148,9228.64867
Kraken,eth_eur,309.64,1601537496.009855,309.64,30.3505944,309.65,387.94402664,309.23824
Kraken,btc_eur,9238.7,1601537501.743105,9238.7,0.31995535,9238.8,4.34175253,9228.64868
Kraken,btc_eur,9238.8,1601537502.762746,9238.7,0.31995535,9238.8,4.32197001,9228.64882
Kraken,eth_eur,309.65,1601537502.816272,309.64,32.6094703,309.65,385.94402664,309.23835
Kraken,btc_eur,9238.8,1601537503.274177,9238.7,0.31995535,9238.8,4.29330447,9228.64903
Kraken,btc_eur,9238.8,1601537503.728216,9238.7,0.31995535,9238.8,4.2912174,9228.64904
Kraken,btc_eur,9238.8,1601537504.173062,9238.7,0.31995535,9238.8,4.32694333,9228.64914
Kraken,btc_eur,9238.8,1601537504.587589,9238.7,0.31995535,9238.8,4.32362675,9228.64917
Kraken,btc_eur,9238.8,1601537504.717215,9238.7,0.31995535,9238.8,4.30335648,9228.64931
Kraken,btc_eur,9238.8,1601537504.760793,9238.7,0.31995535,9238.8,4.28176648,9228.64946
Kraken,eth_eur,309.65,1601537506.209014,309.64,32.6094703,309.65,392.69861254,309.23835
Kraken,eth_usd,363.5,1601537506.769919,363.42,0.02013989,363.51,207.66462218,361.27318
Kraken,btc_eur,9238.8,1601537511.30959,9238.7,0.32222298,9238.8,4.82888635,9228.6499
Kraken,btc_usd,10839.6,1601537515.211977,10835.7,0.002,10839.7,13.02609663,10816.24539
Kraken,eth_eur,309.63,1601537518.488466,309.64,2.943e-05,309.65,392.69861254,309.23936
Kraken,eth_usd,363.42,1601537518.722467,363.41,0.02013989,363.43,213.20742812,361.27336
Kraken,eth_usd,363.41,1601537518.916789,363.3,2.2241892,363.42,256.78313455,361.27336
Kraken,eth_usd,363.2,1601537519.441602,363.16,0.75,363.31,5.15,361.27372
Kraken,eth_usd,363.08,1601537524.226237,363.03,4.95,363.08,57.14637811,361.27372
Kraken,eth_eur,309.58,1601537524.411244,309.58,13.1018283,309.59,306.18585003,309.24023
Kraken,eth_eur,309.41,1601537524.449175,309.41,0.04340192,309.59,306.18585003,309.24098
Kraken,eth_eur,309.4,1601537524.512285,309.4,0.35150047,309.59,306.18585003,309.24116
Kraken,btc_eur,9238.7,1601537524.678699,9238.7,0.22597479,9238.8,8.92699091,9228.65057
Kraken,eth_eur,309.38,1601537525.101548,309.37,1.7,309.38,65.78454198,309.24124
Kraken,btc_eur,9238.8,1601537525.744959,9238.7,0.22597479,9238.8,8.95105427,9228.65058
Kraken,btc_usd,10834.3,1601537525.870514,10829.9,0.4704,10835.8,23.46271158,10816.24548
Kraken,btc_eur,9238.7,1601537526.091567,9238.7,0.17770439,9238.8,9.45305427,9228.65091
Kraken,btc_eur,9238.7,1601537527.194291,9238.7,0.03900701,9238.8,10.13728322,9228.65189
Kraken,btc_eur,9238.7,1601537527.20096,9238.7,0.001506,9238.8,10.13728322,9228.65215
Kraken,btc_eur,9235.7,1601537529.939659,9235.6,3.62748123,9235.7,9.86401168,9228.65238
Kraken,eth_eur,309.33,1601537534.146266,309.32,15.90724577,309.33,37.03252691,309.24124
Kraken,btc_eur,9235.7,1601537534.72746,9235.6,3.63667511,9235.7,11.50466457,9228.65728
Kraken,btc_eur,9235.7,1601537537.669339,9235.6,4.03667511,9235.7,10.80952518,9228.66218
Kraken,btc_eur,9235.7,1601537540.714178,9235.6,3.63667511,9235.7,9.9540091,9228.66707
Kraken,btc_eur,9235.7,1601537543.576786,9235.6,3.63667511,9235.7,10.95795897,9228.67195
Kraken,btc_eur,9235.7,1601537546.415272,9235.6,3.63667511,9235.7,10.4669427,9228.67683
Kraken,btc_eur,9235.6,1601537553.691167,9235.6,3.62998503,9235.7,10.27430382,9228.67686
Kraken,eth_usd,363.02,1601537560.275628,363.01,1.2,363.02,74.78918111,361.27395
Kraken,btc_usd,10824.8,1601537560.294803,10824.8,0.23926313,10824.9,3.46999247,10816.2494
Kraken,btc_eur,9235.6,1601537561.217629,9235.6,3.98656721,9235.7,8.97090217,9228.67707
Kraken,btc_eur,9235.7,1601537562.826912,9235.6,3.98656721,9235.7,8.47090217,9228.68194
Kraken,btc_eur,9235.7,1601537565.870674,9235.6,3.58656721,9235.7,7.47090217,9228.6868
Kraken,eth_eur,309.33,1601537566.034387,309.32,33.0778405,309.33,31.45214029,309.24131
Kraken,btc_eur,9235.7,1601537568.190103,9235.6,3.58656721,9235.7,5.5121558,9228.69166
Kraken,btc_eur,9235.7,1601537571.040164,9235.6,3.6135184,9235.7,2.50317207,9228.69651
Kraken,btc_eur,9235.7,1601537571.248023,9235.6,3.6135184,9235.7,2.42683107,9228.69688
Kraken,btc_eur,9235.7,1601537573.30694,9235.6,3.6135184,9235.7,3.3266503,9228.70172
Kraken,btc_eur,9235.6,1601537578.582767,9235.6,23.56528,9235.7,5.07111936,9228.70195
Kraken,btc_eur,9235.6,1601537579.882346,9235.6,23.5097301,9235.7,5.07111936,9228.70222
Kraken,btc_eur,9235.7,1601537581.077827,9235.6,23.5097301,9235.7,5.05327424,9228.70233
Kraken,btc_eur,9235.6,1601537583.850717,9235.6,23.89883866,9235.7,5.05327424,9228.70239
Kraken,btc_eur,9235.7,1601537588.363505,9235.6,23.49883866,9235.7,4.95257814,9228.70287
Kraken,btc_eur,9235.7,1601537592.625387,9235.6,23.49883866,9235.7,3.95257814,9228.70771
Kraken,btc_eur,9235.7,1601537594.033996,9235.6,23.49883866,9235.7,2.95257814,9228.71254
Kraken,eth_eur,309.33,1601537594.134755,309.32,35.03251284,309.33,60.8833593,309.24132
Kraken,btc_eur,9235.7,1601537594.686759,9235.6,23.49883866,9235.7,4.88182723,9228.71266
Kraken,eth_usd,363.0,1601537595.042089,363.0,0.00738346,363.02,132.26657123,361.27545
Kraken,eth_usd,362.9,1601537595.065597,362.9,74.30556112,363.0,0.35705526,361.28033
Kraken,btc_eur,9235.7,1601537597.114489,9235.6,23.47188747,9235.7,5.29352999,9228.71748
Kraken,btc_eur,9235.7,1601537599.957793,9235.6,23.47188747,9235.7,4.78064103,9228.72229
Kraken,btc_eur,9235.7,1601537602.837216,9235.6,23.49883866,9235.7,3.91933841,9228.7271
Kraken,btc_usd,10822.2,1601537605.352931,10822.2,0.01980789,10824.8,8.54983495,10816.25029
Kraken,btc_eur,9235.6,1601537607.385487,9235.6,23.48363996,9235.7,3.96072855,9228.72717
Kraken,btc_eur,9235.6,1601537613.401266,9235.6,23.44983134,9235.7,5.96971228,9228.7272
Kraken,btc_usd,10823.1,1601537615.015699,10822.2,0.01980789,10823.1,0.48,10816.25364
Kraken,btc_eur,9235.6,1601537615.363696,9235.6,23.35083134,9235.7,9.84424914,9228.72768
Kraken,btc_eur,9235.6,1601537616.490194,9235.6,23.21210122,9235.7,9.84424914,9228.72833
Kraken,btc_eur,9235.6,1601537620.191358,9235.6,22.91210122,9235.7,9.84424914,9228.72975
Kraken,btc_eur,9235.7,1601537622.284971,9235.6,22.91210122,9235.7,8.84424914,9228.73455
Kraken,btc_eur,9235.7,1601537625.128631,9235.6,22.91210122,9235.7,8.50068031,9228.73934
Kraken,btc_eur,9235.6,1601537625.135136,9235.6,22.77337765,9235.7,8.50068031,9228.74
Kraken,btc_eur,9235.6,1601537625.162348,9235.6,22.63464676,9235.7,8.50068031,9228.74065
Kraken,btc_eur,9235.7,1601537627.401625,9235.6,22.63464676,9235.7,8.79468719,9228.74075
Kraken,btc_eur,9235.7,1601537628.041159,9235.6,22.63464676,9235.7,7.79468719,9228.74554
Kraken,btc_eur,9235.6,1601537629.609176,9235.6,22.61855192,9235.7,10.44291981,9228.74561
Kraken,btc_eur,9235.6,1601537629.639659,9235.6,22.59471523,9235.7,10.44291981,9228.74572
Kraken,btc_eur,9235.6,1601537629.648866,9235.6,21.34361523,9235.7,10.44291981,9228.75161
Kraken,btc_eur,9235.6,1601537630.171605,9235.6,21.1987172,9235.7,11.54291981,9228.75229
Kraken,btc_eur,9235.7,1601537630.175985,9235.6,21.1987172,9235.7,11.48485081,9228.75257
Kraken,btc_eur,9235.6,1601537630.180919,9235.6,21.05994532,9235.7,11.48485081,9228.75322
Kraken,btc_eur,9235.6,1601537630.18637,9235.6,20.92118152,9235.7,11.48485081,9228.75387
Kraken,btc_eur,9235.6,1601537630.926236,9235.6,20.45858413,9235.7,11.48485081,9228.75605
Kraken,btc_eur,9235.7,1601537630.97465,9235.6,20.45858413,9235.7,10.48485081,9228.76081
Kraken,btc_eur,9235.7,1601537631.240758,9235.6,20.45858413,9235.7,10.44411681,9228.761
Kraken,btc_eur,9235.6,1601537631.341702,9235.6,20.31368449,9235.7,10.44411681,9228.76168
Kraken,btc_eur,9235.6,1601537632.421005,9235.6,19.55568449,9235.7,10.44411681,9228.76523
Kraken,btc_eur,9235.6,1601537632.455981,9235.6,19.41076849,9235.7,10.44411681,9228.76591
Kraken,btc_eur,9235.6,1601537633.157835,9235.6,19.36735067,9235.7,10.44411681,9228.76611
Kraken,btc_eur,9235.6,1601537633.7037,9235.6,19.31904681,9235.7,10.44411681,9228.76634
Kraken,btc_eur,9235.7,1601537633.996152,9235.6,19.31904681,9235.7,9.44411681,9228.77109
Kraken,btc_eur,9235.6,1601537634.532256,9235.6,18.85644091,9235.7,9.44411681,9228.77325
Kraken,btc_eur,9235.6,1601537634.751167,9235.6,18.8081396,9235.7,9.69788419,9228.77347
Kraken,btc_eur,9235.6,1601537635.993607,9235.6,18.71192041,9235.7,9.69788419,9228.77392
Kraken,btc_eur,9235.6,1601537636.111509,9235.6,18.66361762,9235.7,9.69788419,9228.77415
Kraken,btc_eur,9235.6,1601537636.12108,9235.6,18.59422673,9235.7,9.69788419,9228.77447
Kraken,btc_eur,9235.6,1601537636.127132,9235.6,18.52484347,9235.7,9.79040538,9228.7748
Kraken,btc_eur,9235.6,1601537636.413304,9235.6,18.37994745,9235.7,9.79040538,9228.77547
Kraken,btc_eur,9235.6,1601537637.683913,9235.6,18.33164757,9235.7,9.39040538,9228.7757
Kraken,btc_eur,9235.6,1601537637.922328,9235.6,18.18674793,9235.7,9.39040538,9228.77638
Kraken,btc_eur,9235.6,1601537638.368547,9235.6,18.08030648,9235.7,9.39040538,9228.77687
Kraken,btc_eur,9235.6,1601537638.661268,9235.6,18.01091221,9235.7,9.43860105,9228.7772
Kraken,btc_eur,9235.6,1601537638.783196,9235.6,17.96261018,9235.7,9.43860105,9228.77742
Kraken,btc_eur,9235.6,1601537640.543607,9235.6,17.9465095,9235.7,9.57473398,9228.7775
Kraken,btc_usd,10822.2,1601537641.641644,10822.2,0.01627645,10822.3,9.14977438,10816.25367
Kraken,btc_usd,10822.2,1601537643.210458,10822.2,0.01083996,10822.3,9.14977438,10816.25372
Kraken,btc_eur,9235.6,1601537643.366235,9235.6,17.89820618,9235.7,9.57473398,9228.77772
Kraken,btc_eur,9235.6,1601537643.378344,9235.6,17.82880909,9235.7,9.57473398,9228.77805
Kraken,btc_eur,9235.6,1601537643.383164,9235.6,17.75941864,9235.7,9.57473398,9228.77837
Kraken,btc_usd,10822.3,1601537644.299001,10822.2,0.01083996,10822.3,9.12656792,10816.25393
Kraken,btc_eur,9235.6,1601537644.4438,9235.6,17.74331753,9235.7,9.57473398,9228.77845
Kraken,btc_eur,9235.6,1601537644.678904,9235.6,17.72721642,9235.7,9.57473398,9228.77852
Kraken,btc_eur,9235.6,1601537646.110827,9235.6,17.65782316,9235.7,9.57473398,9228.77884
Kraken,btc_eur,9235.6,1601537646.328276,9235.6,17.64172205,9235.7,9.57473398,9228.77892
Kraken,btc_eur,9235.6,1601537647.436419,9235.6,17.62562078,9235.7,9.57473398,9228.77899
Kraken,btc_eur,9235.6,1601537649.124038,9235.6,17.55622752,9235.7,9.57473398,9228.77932
Kraken,btc_eur,9235.6,1601537649.129006,9235.6,17.48682841,9235.7,9.57473398,9228.77964
Kraken,btc_eur,9235.7,1601537649.919179,9235.6,17.48682841,9235.7,9.46673398,9228.78015
Kraken,eth_usd,362.85,1601537651.71473,362.84,2.0,362.85,172.12350998,361.28033
Kraken,btc_eur,9235.6,1601537652.048125,9235.6,17.41743515,9235.7,9.46778138,9228.78048
Kraken,btc_eur,9235.6,1601537658.96513,9235.6,17.34803455,9235.7,9.46778138,9228.7808
Kraken,btc_eur,9235.7,1601537658.965636,9235.6,17.34803455,9235.7,8.75583727,9228.78553
Kraken,btc_eur,9235.7,1601537658.966088,9235.6,17.34803455,9235.7,9.75583727,9228.79025
Kraken,btc_eur,9235.7,1601537658.966509,9235.6,17.34803455,9235.7,9.73024474,9228.79027
Kraken,eth_usd,362.84,1601537658.966888,362.84,1.6,362.85,218.42336,361.28037
Kraken,btc_eur,9235.6,1601537658.967379,9235.6,17.32385665,9235.7,9.73024474,9228.79038
Kraken,btc_eur,9235.7,1601537658.967743,9235.6,17.32385665,9235.7,8.73024474,9228.79509
Kraken,btc_eur,9235.6,1601537659.556274,9235.6,17.30775361,9235.7,8.73024474,9228.79517
Kraken,btc_eur,9235.7,1601537661.701985,9235.6,17.31375361,9235.7,7.73024474,9228.79987
Kraken,btc_eur,9235.7,1601537664.525277,9235.6,17.71375361,9235.7,6.78214042,9228.80457
Kraken,btc_usd,10818.7,1601537665.210298,10818.7,0.31083996,10822.3,8.92207942,10816.25436
Kraken,btc_eur,9235.6,1601537672.847738,9235.6,19.15875361,9235.7,14.47315361,9228.80462
Kraken,btc_eur,9235.6,1601537673.412953,9235.6,19.15173786,9235.7,14.47315361,9228.80465
Kraken,btc_eur,9235.7,1601537676.698779,9235.6,18.19673786,9235.7,13.68971665,9228.80477
Kraken,eth_eur,309.33,1601537679.222977,309.32,10.85945569,309.33,81.47957754,309.24132
Kraken,btc_eur,9235.7,1601537681.464548,9235.6,17.48673786,9235.7,13.66777714,9228.80487
Kraken,btc_eur,9235.7,1601537682.243112,9235.6,17.88673786,9235.7,12.66777714,9228.80956
Kraken,btc_eur,9235.7,1601537685.314756,9235.6,18.38673786,9235.7,12.71383965,9228.81425
Kraken,btc_eur,9235.7,1601537685.866099,9235.6,18.38673786,9235.7,12.70620965,9228.81429
Kraken,btc_eur,9235.7,1601537688.105106,9235.6,17.98673786,9235.7,11.70620965,9228.81897
Kraken,btc_eur,9235.7,1601537691.012509,9235.6,17.98673786,9235.7,11.66014714,9228.82364
Kraken,btc_eur,9235.7,1601537693.367445,9235.6,17.48673786,9235.7,10.65116341,9228.82831
Kraken,btc_usd,10818.9,1601537695.426021,10818.8,12.82992246,10818.9,2.94177345,10816.25438
Kraken,eth_eur,309.32,1601537700.619469,309.27,2.8730525,309.33,70.72840552,309.24135
Kraken,btc_eur,9235.7,1601537701.952262,9235.6,18.12146786,9235.7,11.22833231,9228.82836
Kraken,eth_eur,309.29,1601537702.175946,309.28,22.64694742,309.29,28.05868861,309.24136
Kraken,eth_eur,309.29,1601537702.660659,309.28,22.64694742,309.29,27.94103551,309.24136
Kraken,btc_eur,9235.6,1601537703.420069,9235.6,18.12039686,9235.7,11.27652389,9228.82836
Kraken,btc_eur,9235.7,1601537709.976037,9235.6,17.48566686,9235.7,11.23478152,9228.8286
Kraken,btc_eur,9235.6,1601537711.367714,9235.6,17.21306686,9235.7,11.78311808,9228.82898
Kraken,btc_eur,9235.6,1601537719.064948,9235.6,17.20150586,9235.7,13.8202428,9228.82903
Kraken,btc_eur,9235.6,1601537732.177328,9235.6,17.24205441,9235.7,14.08252192,9228.82904
Kraken,btc_eur,9235.6,1601537733.421287,9235.6,17.23487869,9235.7,14.08252192,9228.82908
Kraken,btc_eur,9235.7,1601537735.780696,9235.6,17.23487869,9235.7,15.30454044,9228.83084
Kraken,btc_eur,9235.6,1601537739.994631,9235.6,17.1968881,9235.7,13.56082671,9228.83101
Kraken,eth_eur,309.28,1601537740.02931,309.28,60.55314376,309.29,46.0,309.24137
Kraken,btc_eur,9235.7,1601537744.125198,9235.6,17.1968881,9235.7,13.88940767,9228.83105
Kraken,eth_eur,309.28,1601537744.218519,309.28,57.66407376,309.29,46.0,309.24138
Kraken,btc_usd,10818.9,1601537745.158535,10818.8,0.55837356,10818.9,4.67789287,10816.25439
Kraken,btc_eur,9235.7,1601537745.404784,9235.6,17.1968881,9235.7,13.82143881,9228.83137
Kraken,btc_eur,9235.6,1601537750.970516,9235.6,18.2075989,9235.7,13.67772508,9228.83166
Kraken,btc_eur,9235.6,1601537751.21211,9235.6,18.18713506,9235.7,13.67772508,9228.83176
Kraken,btc_eur,9235.6,1601537753.418335,9235.6,14.55443619,9235.7,13.79242954,9228.84828
Kraken,btc_eur,9235.7,1601537754.774193,9235.6,13.53943619,9235.7,13.79538882,9228.8483
Kraken,btc_eur,9235.7,1601537760.876245,9235.6,13.53943619,9235.7,12.91832879,9228.8484
Kraken,btc_eur,9235.7,1601537766.657425,9235.6,13.53943619,9235.7,24.98728599,9228.84864
Kraken,btc_usd,10818.8,1601537771.986612,10818.8,2.56002509,10818.9,2.94330175,10816.25441
Kraken,btc_eur,9235.7,1601537774.880136,9235.6,14.42943619,9235.7,23.92550489,9228.84866
Kraken,btc_eur,9235.7,1601537774.985175,9235.6,14.52943619,9235.7,23.7283716,9228.84868
Kraken,btc_eur,9235.7,1601537776.293025,9235.6,14.52943619,9235.7,23.70599745,9228.84879
Kraken,btc_eur,9235.7,1601537776.344259,9235.6,14.52943619,9235.7,23.69665602,9228.84883
Kraken,btc_eur,9235.7,1601537777.71858,9235.6,14.02943619,9235.7,23.6686184,9228.84896
Kraken,btc_eur,9235.7,1601537778.144613,9235.6,14.02943619,9235.7,23.64201892,9228.84908
Kraken,btc_eur,9235.7,1601537778.574312,9235.6,13.53943619,9235.7,23.62004744,9228.84919
Kraken,btc_eur,9235.7,1601537780.547895,9235.6,13.53943619,9235.7,23.57004744,9228.84942
Kraken,eth_usd,362.9,1601537785.087683,362.89,16.27121201,362.9,27.65152094,361.28037
Kraken,btc_usd,10818.8,1601537787.240868,10818.8,1.94002509,10818.9,2.94330175,10816.25566
Kraken,btc_eur,9235.6,1601537793.470016,9235.6,13.93210381,9235.7,23.57004744,9228.84945
Kraken,btc_eur,9235.6,1601537795.189372,9235.6,13.92293264,9235.7,23.57004744,9228.84949
Kraken,btc_eur,9235.7,1601537805.029715,9235.6,13.52293264,9235.7,30.94653954,9228.84951
Kraken,btc_eur,9235.7,1601537805.163579,9235.6,13.52293264,9235.7,30.94277368,9228.84952
Kraken,btc_usd,10818.9,1601537807.462682,10818.8,9.54705042,10818.9,2.55281711,10816.25723
Kraken,btc_eur,9235.6,1601537808.480193,9235.6,13.72963852,9235.7,30.68345972,9228.84977
Kraken,btc_eur,9235.6,1601537808.549209,9235.6,13.70108847,9235.7,30.68345972,9228.8499
Kraken,btc_eur,9235.6,1601537808.583875,9235.6,13.60474209,9235.7,30.78709972,9228.85034
Kraken,btc_eur,9235.6,1601537808.588161,9235.6,13.46019467,9235.7,30.78709972,9228.851
Kraken,btc_usd,10818.8,1601537808.711487,10818.8,9.23205042,10818.9,2.99716,10816.2611
Kraken,btc_eur,9235.6,1601537822.469487,9235.6,13.19905913,9235.7,40.78701478,9228.851
Kraken,btc_usd,10818.8,1601537823.533605,10818.8,8.84432001,10818.9,3.7831855,10816.2618
Kraken,eth_eur,309.32,1601537825.335408,309.31,139.36425032,309.32,46.77768227,309.24139
Kraken,btc_eur,9235.6,1601537825.888662,9235.6,13.22032372,9235.7,33.68741451,9228.85103
Kraken,eth_eur,309.32,1601537836.314155,309.31,97.36425032,309.32,45.16542506,309.24141
Kraken,btc_eur,9235.6,1601537847.527995,9235.6,13.58332372,9235.7,26.24356215,9228.85103
Kraken,btc_eur,9235.6,1601537853.102294,9235.6,13.57321267,9235.7,26.24356215,9228.85108
Kraken,btc_eur,9235.6,1601537863.752254,9235.6,13.56815715,9235.7,26.72528779,9228.8511
Kraken,btc_eur,9235.7,1601537864.98639,9235.6,13.56815715,9235.7,26.70119409,9228.85122
Kraken,btc_eur,9235.7,1601537866.247531,9235.6,13.56815715,9235.7,26.58556009,9228.85175
Kraken,btc_eur,9235.6,1601537879.717832,9235.6,17.83001938,9235.7,26.68556009,9228.85193
Kraken,btc_eur,9235.6,1601537879.799065,9235.6,17.81768847,9235.7,26.69377984,9228.85199
Kraken,btc_eur,9235.6,1601537879.875731,9235.6,17.79031005,9235.7,26.69377984,9228.85211
Kraken,btc_eur,9235.6,1601537879.946509,9235.6,17.73120105,9235.7,26.69377984,9228.85238
Kraken,btc_eur,9235.6,1601537880.02334,9235.6,17.72221878,9235.7,26.68556009,9228.85242
Kraken,btc_eur,9235.6,1601537880.470738,9235.6,17.7160561,9235.7,26.71700786,9228.85245
Kraken,btc_eur,9235.7,1601537881.917765,9235.6,17.7160561,9235.7,26.67525809,9228.8525
Kraken,btc_eur,9235.7,1601537882.310017,9235.6,17.7160561,9235.7,26.66525809,9228.85254
Kraken,btc_eur,9235.7,1601537884.011457,9235.6,17.7160561,9235.7,26.66165698,9228.85256
Kraken,btc_eur,9235.6,1601537884.076896,9235.6,17.71101368,9235.7,26.66165698,9228.85258
Kraken,btc_eur,9235.7,1601537887.845551,9235.6,17.34101368,9235.7,26.62925857,9228.85273
Kraken,btc_usd,10818.9,1601537894.140702,10818.8,1.49702913,10818.9,3.99593594,10816.26205
Kraken,btc_usd,10818.9,1601537894.200889,10818.8,1.49702913,10818.9,3.85900597,10816.2626
Kraken,btc_eur,9235.7,1601537894.943647,9235.6,17.64101368,9235.7,26.56678361,9228.85302
Kraken,btc_eur,9235.6,1601537899.352851,9235.6,15.90853368,9235.7,26.46678361,9228.86077
Kraken,btc_eur,9235.6,1601537900.009618,9235.6,15.48158249,9235.7,26.47576734,9228.86123
Kraken,eth_eur,309.32,1601537904.576813,309.31,22.62833032,309.32,74.83906401,309.24141
Kraken,eth_eur,309.32,1601537912.339095,309.31,22.62833032,309.32,84.72814401,309.24141
Kraken,btc_eur,9235.7,1601537912.853813,9235.6,11.18067261,9235.7,29.08801734,9228.86138
Kraken,eth_usd,362.85,1601537912.989918,362.84,1.87121201,362.85,41.25495816,361.28038
Kraken,btc_eur,9235.6,1601537914.566351,9235.6,11.08067261,9235.7,29.08801734,9228.86183
Kraken,btc_eur,9235.6,1601537915.252482,9235.6,11.04139685,9235.7,29.08801734,9228.86201
Kraken,btc_eur,9235.7,1601537920.028855,9235.6,11.04139685,9235.7,32.72421061,9228.86251
Kraken,btc_eur,9235.6,1601537920.233965,9235.6,11.03890213,9235.7,33.76177505,9228.86252
Kraken,btc_usd,10817.6,1601537921.597487,10817.6,0.25675937,10817.7,2.0,10816.26325
Kraken,btc_eur,9235.7,1601537924.465614,9235.6,11.03890213,9235.7,33.75486339,9228.86255
Kraken,btc_eur,9235.7,1601537925.231712,9235.6,11.03890213,9235.7,33.49283339,9228.86376
Kraken,eth_eur,309.32,1601537932.875957,309.31,1.96159668,309.32,113.88622484,309.24143
Kraken,eth_eur,309.31,1601537940.176504,309.31,62.74805195,309.32,37.20814401,309.24143
Kraken,btc_eur,9235.7,1601537940.672354,9235.6,11.53585332,9235.7,26.35664368,9228.86421
Kraken,btc_eur,9235.7,1601537945.902691,9235.6,11.53585332,9235.7,25.89045601,9228.86636
Kraken,btc_eur,9235.6,1601537948.039693,9235.6,11.51168332,9235.7,25.82957721,9228.86647
Kraken,btc_eur,9235.6,1601537948.648924,9235.6,11.06168332,9235.7,25.82957721,9228.86851
Kraken,btc_eur,9235.7,1601537951.78864,9235.6,11.06168332,9235.7,25.96220772,9228.86852
Kraken,btc_eur,9235.7,1601537952.240638,9235.6,11.06168332,9235.7,25.96116987,9228.86853
Kraken,btc_eur,9235.7,1601537953.259566,9235.6,11.06168332,9235.7,25.95587467,9228.86855
Kraken,eth_eur,309.32,1601537953.364815,309.31,30.67741739,309.32,42.68814401,309.24143
Kraken,btc_eur,9235.6,1601537953.671634,9235.6,11.04836805,9235.7,25.95587467,9228.86861
Kraken,btc_eur,9235.6,1601537955.246276,9235.6,11.00179805,9235.7,25.82114467,9228.86883
Kraken,btc_eur,9235.7,1601537961.054091,9235.6,11.00179805,9235.7,25.8021081,9228.86891
Kraken,btc_eur,9235.7,1601537961.490216,9235.6,11.00179805,9235.7,16.84584751,9228.86895
Kraken,btc_eur,9235.6,1601537969.607503,9235.6,11.47006578,9235.7,17.0755099,9228.86909
Kraken,btc_eur,9235.6,1601537973.547246,9235.6,10.96225769,9235.7,17.0384214,9228.86912
Kraken,eth_usd,362.84,1601537987.212511,362.84,5.41082762,362.85,44.84186759,361.28075
Kraken,btc_usd,10817.6,1601537988.580257,10817.6,1.00175937,10817.7,2.21937241,10816.26345
Kraken,btc_usd,10817.6,1601537988.883554,10817.6,0.90175937,10817.7,2.21937241,10816.26366
Kraken,btc_usd,10817.6,1601537989.189233,10817.6,0.80175937,10817.7,2.21937241,10816.26386
Kraken,btc_usd,10817.6,1601537989.488453,10817.6,1.70175937,10817.7,2.624732,10816.26406
Kraken,btc_usd,10817.6,1601537989.78658,10817.6,1.60175937,10817.7,2.624732,10816.26427
Kraken,btc_usd,10817.6,1601537990.086842,10817.6,2.0696807,10817.7,2.624732,10816.26447
Kraken,btc_usd,10817.6,1601537990.384319,10817.6,1.9696807,10817.7,2.624732,10816.26467
Kraken,btc_usd,10817.6,1601537990.686932,10817.6,1.91734355,10817.7,2.214732,10816.26478
Kraken,btc_eur,9235.6,1601538000.918939,9235.6,11.55448513,9235.7,13.57870712,9228.8692
Kraken,btc_eur,9235.7,1601538003.647758,9235.6,11.41975513,9235.7,13.19058353,9228.8693
Kraken,btc_eur,9235.6,1601538003.66991,9235.6,11.37441186,9235.7,13.19058353,9228.86951
Kraken,btc_eur,9235.6,1601538003.766326,9235.6,10.38101786,9235.7,13.19058353,9228.87401
Kraken,btc_eur,9235.6,1601538011.618983,9235.6,11.84508579,9235.7,12.63440012,9228.87407
Kraken,btc_eur,9235.6,1601538012.766885,9235.6,12.75756272,9235.7,12.63440012,9228.87446
Kraken,btc_eur,9235.7,1601538013.328565,9235.6,12.75756272,9235.7,12.44804592,9228.87532
Kraken,btc_eur,9235.6,1601538014.284717,9235.6,12.70942801,9235.7,12.34440592,9228.87554
Kraken,btc_eur,9235.7,1601538015.49832,9235.6,12.70942801,9235.7,11.26165592,9228.88052
Kraken,btc_eur,9235.7,1601538016.862465,9235.6,13.30942801,9235.7,11.03760715,9228.88201
Kraken,btc_eur,9235.6,1601538017.486118,9235.6,11.21874801,9235.7,11.03760715,9228.88242
Kraken,eth_usd,362.84,1601538019.021889,362.84,131.17022087,362.85,3.795,361.28075
Kraken,btc_eur,9235.6,1601538023.218937,9235.6,11.21134311,9235.7,12.59966584,9228.88245
Kraken,eth_usd,362.85,1601538041.505668,362.84,67.92359467,362.85,3.77486011,361.28075
Kraken,btc_eur,9235.6,1601538045.478478,9235.6,11.20331122,9235.7,12.49966584,9228.88249
Kraken,btc_eur,9235.7,1601538046.252793,9235.6,12.20331122,9235.7,12.56604596,9228.8826
Kraken,eth_eur,309.32,1601538050.940878,309.31,201.87526036,309.32,36.14550071,309.24144
Kraken,btc_eur,9235.6,1601538052.562582,9235.6,17.17709653,9235.7,12.56604596,9228.88476
Kraken,btc_eur,9235.7,1601538057.287101,9235.6,17.17709653,9235.7,10.43458211,9228.88502
Kraken,btc_eur,9235.7,1601538061.250962,9235.6,19.17709653,9235.7,10.41366911,9228.88512
Kraken,btc_eur,9235.6,1601538064.244157,9235.6,16.02514534,9235.7,10.52761777,9228.88568
Kraken,btc_eur,9235.6,1601538064.560045,9235.6,15.82812138,9235.7,10.52761777,9228.88657
Kraken,btc_usd,10820.8,1601538066.335839,10820.5,2.4165262,10820.8,0.22005048,10816.29595
Kraken,btc_usd,10820.7,1601538067.955067,10820.7,2.18469755,10820.8,2.22005048,10816.29994
Kraken,btc_eur,9235.6,1601538072.902526,9235.6,16.77057138,9235.7,12.42761777,9228.88683
Kraken,btc_usd,10820.7,1601538073.070103,10820.7,2.08469755,10820.8,2.22005048,10816.3006
Kraken,btc_eur,9235.6,1601538078.10822,9235.6,9.00605613,9235.7,12.4366015,9228.88696
Kraken,btc_usd,10820.7,1601538080.451127,10820.7,2.10896144,10820.8,2.0,10816.30062
Kraken,eth_eur,309.32,1601538082.291347,309.31,95.10160114,309.32,40.76329796,309.24145
Kraken,btc_usd,10820.7,1601538087.142797,10820.7,2.74006914,10820.8,2.2,10816.30195
Kraken,btc_eur,9235.6,1601538091.960826,9235.6,8.93185613,9235.7,12.82007218,9228.88714
Kraken,eth_eur,309.29,1601538092.792535,309.28,14.0,309.29,29.39032591,309.24145
Kraken,btc_eur,9235.6,1601538109.206334,9235.6,10.45311621,9235.7,12.57029491,9228.88716
Kraken,btc_eur,9235.7,1601538109.742768,9235.6,9.42616502,9235.7,12.50519864,9228.88796
Kraken,btc_eur,9235.6,1601538109.94466,9235.6,9.42370501,9235.7,12.50519864,9228.88797
Kraken,btc_usd,10820.7,1601538113.666816,10820.7,2.41245477,10820.8,0.2,10816.30248
Kraken,btc_eur,9235.7,1601538117.458488,9235.6,11.4881562,9235.7,9.93665255,9228.8881
Kraken,btc_usd,10820.7,1601538119.308847,10820.7,3.30372873,10820.8,0.2,10816.30254
Kraken,btc_eur,9235.6,1601538131.624363,9235.6,7.65260501,9235.7,11.95025778,9228.90329
Kraken,eth_eur,309.32,1601538132.280786,309.31,60.64256148,309.32,34.86339042,309.24146
Kraken,btc_eur,9235.6,1601538135.830878,9235.6,6.91960501,9235.7,10.21008426,9228.90434
Kraken,btc_eur,9235.7,1601538136.386883,9235.6,6.91960501,9235.7,10.17467856,9228.9045
Kraken,eth_eur,309.32,1601538137.212777,309.31,98.98159936,309.32,33.26825308,309.24147
Kraken,eth_eur,309.32,1601538137.878217,309.31,98.98159936,309.32,32.63026273,309.24148
Kraken,btc_eur,9235.7,1601538137.930556,9235.6,5.91960501,9235.7,10.14903282,9228.90462
Kraken,eth_eur,309.31,1601538138.247613,309.31,96.98159936,309.32,32.63026273,309.2415
Kraken,btc_eur,9235.7,1601538138.351518,9235.6,5.91960501,9235.7,10.10950919,9228.9048
Kraken,btc_usd,10820.7,1601538145.893639,10820.7,2.30114829,10820.8,2.20464041,10816.30299
Kraken,btc_eur,9235.7,1601538151.32134,9235.6,6.91960501,9235.7,11.72228954,9228.90708
Kraken,eth_eur,309.31,1601538156.289112,309.31,88.05166105,309.32,32.63026273,309.24151
Kraken,btc_eur,9235.6,1601538158.278544,9235.6,9.4140262,9235.7,11.50047077,9228.90722
Kraken,btc_eur,9235.6,1601538158.927351,9235.6,7.37982122,9235.7,11.45285066,9228.90726
Kraken,eth_usd,362.87,1601538167.060989,362.86,46.27121201,362.87,26.09504679,361.28075
Kraken,eth_eur,309.32,1601538172.04862,309.31,101.71743618,309.32,31.19435022,309.24152
Kraken,eth_eur,309.32,1601538172.054421,309.31,101.71743618,309.32,28.32299791,309.24155
Kraken,eth_eur,309.32,1601538172.059148,309.31,101.71743618,309.32,22.5797779,309.24161
Kraken,eth_eur,309.32,1601538172.728254,309.31,91.34050441,309.32,17.52663954,309.24171
Kraken,eth_usd,362.82,1601538172.852849,362.82,34.17237537,362.86,0.3740087,361.28179
Kraken,eth_eur,309.32,1601538173.028759,309.31,91.34050441,309.32,2.85163954,309.24181
Kraken,eth_usd,362.82,1601538173.154717,362.82,24.17237537,362.85,37.5,361.28283
Kraken,eth_eur,309.43,1601538173.327143,309.31,93.34050441,309.32,1e-08,309.24202
Kraken,eth_usd,362.82,1601538173.46331,362.82,14.17237537,362.85,37.5,361.28388
Kraken,eth_eur,309.42,1601538173.94102,309.36,1.964489,309.42,20.0,309.24225
Kraken,eth_usd,362.82,1601538174.093569,362.82,4.44358738,362.87,26.09504679,361.28493
Kraken,eth_eur,309.42,1601538174.221616,309.36,39.964489,309.42,10.0,309.24249
Kraken,eth_usd,362.78,1601538174.361122,362.78,1.32320208,362.86,0.50961471,361.28597
Kraken,eth_eur,309.42,1601538174.528575,309.37,6.0,309.42,2.49128551,309.24266
Kraken,eth_usd,362.77,1601538174.679566,362.77,43.16224989,362.82,20.67250451,361.28673
Kraken,btc_usd,10820.8,1601538181.189296,10820.7,2.84793969,10820.8,0.18899165,10816.30306
Kraken,eth_eur,309.5,1601538182.235904,309.49,35.01118504,309.5,35.17477973,309.24266
Kraken,btc_eur,9236.0,1601538196.317301,9235.6,11.29652531,9236.0,29.9651235,9228.90745
Kraken,btc_eur,9235.9,1601538198.383105,9235.9,3.55168119,9236.0,29.9651235,9228.91078
Kraken,btc_eur,9236.0,1601538199.635459,9235.9,2.23473,9236.0,29.8571323,9228.91129
Kraken,btc_eur,9236.0,1601538200.203057,9235.9,2.23473,9236.0,29.85444497,9228.91131
Kraken,btc_eur,9236.0,1601538204.775501,9235.9,4.26168119,9236.0,29.34013497,9228.91375
Kraken,btc_eur,9235.9,1601538222.697028,9235.9,4.79217472,9236.0,29.34013497,9228.91378
Kraken,btc_eur,9236.0,1601538225.368207,9235.9,4.79217472,9236.0,29.3315369,9228.91383
Kraken,btc_usd,10820.7,1601538231.758244,10820.7,1.92693969,10820.8,0.18899165,10816.30308
Kraken,eth_eur,309.58,1601538238.681183,309.57,14.0,309.58,29.9358839,309.24267
Kraken,btc_eur,9236.0,1601538241.77337,9235.9,2.26522353,9236.0,30.23188134,9228.91387
Kraken,eth_eur,309.58,1601538244.693292,309.57,28.66916777,309.58,45.29472281,309.24269
Kraken,btc_eur,9236.0,1601538245.112509,9235.9,2.26522353,9236.0,29.98679554,9228.91389
Kraken,btc_eur,9235.9,1601538260.250611,9235.9,1.01846173,9236.0,31.73686643,9228.91395
Kraken,eth_eur,309.58,1601538260.402189,309.55,14.0,309.58,45.51908259,309.24271
Kraken,btc_eur,9235.9,1601538263.013719,9235.9,0.89299353,9236.0,31.73686643,9228.91442
Kraken,btc_eur,9235.9,1601538263.733722,9235.9,1.20299353,9236.0,31.33686643,9228.91488
Kraken,btc_eur,9235.9,1601538264.118875,9235.9,1.12434557,9236.0,31.33686643,9228.91525
Kraken,btc_eur,9235.9,1601538264.524299,9235.9,1.05071498,9236.0,31.33686643,9228.9156
Kraken,btc_eur,9235.7,1601538279.074665,9235.6,6.81281475,9235.7,0.14484978,9228.91567
Kraken,eth_usd,362.88,1601538281.499972,362.79,2.86,362.88,13.97037611,361.29305
Kraken,btc_usd,10820.2,1601538284.537826,10820.2,0.59451422,10820.8,3.72045944,10816.30367
Kraken,btc_usd,10820.2,1601538284.811975,10820.2,0.49451422,10820.3,0.52310006,10816.30425
Kraken,btc_eur,9235.6,1601538284.854503,9235.6,6.15723916,9235.7,0.14484978,9228.91576
Kraken,btc_usd,10819.4,1601538285.5862,10819.4,0.033,10820.2,0.00464041,10816.30472
Kraken,btc_usd,10818.5,1601538286.404593,10818.5,0.3,10819.8,2.0,10816.30505
Kraken,btc_usd,10818.5,1601538287.09228,10818.5,0.2,10820.0,0.06935859,10816.30538
Kraken,btc_usd,10818.5,1601538287.881607,10818.5,0.233,10820.0,0.06935859,10816.30571
Kraken,btc_eur,9235.6,1601538288.469994,9235.6,6.22565514,9235.7,0.21420837,9228.91606
Kraken,btc_usd,10818.5,1601538288.540147,10818.5,0.133,10819.8,0.26,10816.30604
Kraken,btc_usd,10818.5,1601538288.840192,10818.5,0.033,10819.4,0.00464041,10816.30637
Kraken,btc_usd,10818.4,1601538289.153704,10818.4,0.65781707,10819.4,0.00464041,10816.30659
Kraken,btc_eur,9235.7,1601538292.72152,9235.6,5.48592514,9235.7,0.3569221,9228.91606
Kraken,btc_eur,9235.6,1601538296.027662,9235.6,4.46745381,9235.7,1.89365675,9228.91618
Kraken,btc_eur,9235.6,1601538296.650011,9235.6,4.46066772,9235.7,1.63434279,9228.91621
Kraken,eth_eur,309.58,1601538299.14993,309.57,14.0,309.58,36.66,309.24273
Kraken,btc_eur,9235.7,1601538301.241285,9235.6,4.95366125,9235.7,1.03529393,9228.91639
Kraken,eth_usd,362.85,1601538301.905567,362.79,37.005,362.85,25.65465618,361.29306
Kraken,btc_eur,9235.7,1601538304.428183,9235.6,5.45366125,9235.7,0.99239045,9228.91659
Kraken,btc_usd,10817.7,1601538313.469248,10817.6,0.82332264,10817.7,0.85507838,10816.30663
Kraken,btc_usd,10817.7,1601538313.524087,10817.6,0.82332264,10817.7,0.93621557,10816.30667
Kraken,btc_usd,10817.7,1601538314.597825,10817.6,4.51602977,10817.7,0.64216537,10816.30671
Kraken,eth_usd,362.88,1601538314.730339,362.87,85.45301234,362.88,1.74857,361.29308
Kraken,btc_eur,9235.8,1601538316.704096,9235.7,3.76168119,9235.8,0.03852464,9228.9167
Kraken,eth_eur,309.58,1601538316.877265,309.57,66.66887664,309.61,0.02013,309.24809
Kraken,btc_eur,9235.8,1601538319.175776,9235.7,4.75467472,9235.8,0.00835954,9228.91694
Kraken,eth_eur,309.58,1601538328.740649,309.57,76.66887664,309.58,99.26539855,309.24813
Kraken,eth_eur,309.58,1601538332.735803,309.57,78.63347684,309.58,99.18524565,309.24814
Kraken,eth_eur,309.58,1601538336.366661,309.57,16.0,309.58,159.83962427,309.24814
Kraken,btc_eur,9235.7,1601538348.844827,9235.6,4.59539772,9235.7,2.82717582,9228.91714
Kraken,btc_eur,9235.6,1601538352.698143,9235.6,5.12449472,9235.7,3.68414026,9228.9173
Kraken,eth_eur,309.52,1601538355.813785,309.51,0.07498,309.52,90.59799776,309.24817
Kraken,eth_eur,309.52,1601538359.42523,309.51,0.07498,309.52,90.56593039,309.24817
Kraken,eth_eur,309.56,1601538369.831248,309.51,65.39683312,309.56,11.76433488,309.24826
Kraken,btc_eur,9235.7,1601538385.137305,9235.6,6.24916944,9235.7,2.48835885,9228.9174
Kraken,btc_eur,9235.6,1601538386.275333,9235.6,6.24740774,9235.7,0.55028233,9228.9174
Kraken,btc_eur,9235.6,1601538386.959251,9235.6,5.94345092,9235.7,0.54852205,9228.91877
Kraken,eth_eur,309.58,1601538398.86005,309.57,78.20726426,309.58,79.05042091,309.24827
Kraken,btc_eur,9235.6,1601538404.665981,9235.6,7.25762086,9235.7,0.12098525,9228.91893
Kraken,btc_usd,10817.7,1601538407.3996,10817.6,2.72883464,10817.7,0.199,10816.30672
Kraken,btc_eur,9235.7,1601538408.795932,9235.6,6.62289086,9235.7,0.10602901,9228.91904
Kraken,btc_eur,9235.7,1601538409.208314,9235.6,6.62289086,9235.7,0.08111859,9228.91915
Kraken,btc_eur,9235.7,1601538409.647162,9235.6,6.62289086,9235.7,0.05814688,9228.91926
Kraken,btc_eur,9235.7,1601538410.061296,9235.6,6.58539086,9235.7,0.17368561,9228.91934
Kraken,btc_eur,9235.7,1601538410.497306,9235.6,6.72012086,9235.7,0.0093957,9228.91948
Kraken,btc_eur,9236.0,1601538410.603972,9235.6,6.72012086,9236.0,27.75345878,9228.92907
Kraken,btc_eur,9236.0,1601538410.924273,9235.9,0.13473,9236.0,27.72979482,9228.92918
Kraken,btc_eur,9236.0,1601538423.909063,9235.9,0.92,9236.0,28.89611201,9228.9292
Kraken,btc_eur,9235.9,1601538425.598132,9235.9,0.9179662,9236.0,28.63084201,9228.92921
Kraken,btc_eur,9235.9,1601538432.157631,9235.9,1.30554674,9236.0,28.7217489,9228.9298
Kraken,eth_eur,309.57,1601538444.728438,309.57,61.74969163,309.58,90.20998616,309.24842
Kraken,eth_eur,309.58,1601538450.616131,309.57,66.43416426,309.58,78.83295855,309.24843
Kraken,eth_eur,309.58,1601538457.886241,309.57,63.44969163,309.58,78.75280565,309.24843
Kraken,eth_usd,362.88,1601538471.741555,362.87,157.0560549,362.88,0.03457,361.29327
Kraken,eth_usd,362.88,1601538471.794013,362.87,160.43147756,363.14,5.0,361.29327
Kraken,eth_eur,309.58,1601538471.824476,309.57,76.43278508,309.58,78.27374395,309.24845
Kraken,eth_eur,309.58,1601538471.837724,309.57,91.43278508,309.58,72.53469395,309.2487
Kraken,eth_eur,309.58,1601538471.890705,309.57,97.89335942,309.58,53.33469395,309.24951
Kraken,eth_eur,309.58,1601538471.896868,309.57,97.89335942,309.58,34.13469395,309.25032
Kraken,eth_eur,309.58,1601538472.004577,309.57,97.89335942,309.58,32.69782533,309.25038
Kraken,eth_eur,309.58,1601538472.029469,309.57,97.89335942,309.58,26.93817189,309.25063
Kraken,eth_eur,309.58,1601538472.126088,309.57,107.88335942,309.58,7.73817189,309.25143
Kraken,eth_eur,309.58,1601538472.820254,309.57,112.17001596,309.61,0.02013,309.25176
Kraken,eth_eur,309.65,1601538475.662972,309.6,94.23350257,309.65,323.69461916,309.25183
Kraken,btc_eur,9236.0,1601538476.055719,9235.9,4.04410674,9236.0,28.01019572,9228.92987
Kraken,btc_eur,9236.0,1601538478.910785,9235.9,4.54410674,9236.0,27.99319572,9228.92995
Kraken,btc_eur,9236.0,1601538480.423045,9235.9,2.04410674,9236.0,27.73979635,9228.93244
Kraken,btc_eur,9236.0,1601538484.512968,9235.9,4.04410674,9236.0,28.00203706,9228.93252
Kraken,btc_eur,9236.0,1601538484.820804,9235.9,4.04410674,9236.0,27.84245566,9228.93328
Kraken,btc_eur,9236.0,1601538486.116293,9235.9,4.04410674,9236.0,27.84041721,9228.93329
Kraken,eth_eur,309.65,1601538489.308732,309.64,115.59807235,309.65,317.95757916,309.25212
Kraken,eth_eur,309.65,1601538489.320954,309.64,115.59807235,309.65,313.64732924,309.25234
Kraken,btc_usd,10820.0,1601538489.356486,10819.9,5.17607429,10820.0,0.23574957,10816.30703
Kraken,eth_eur,309.65,1601538492.587327,309.64,120.59807235,309.65,309.33707932,309.25256
Kraken,eth_eur,309.65,1601538492.693235,309.64,120.59807235,309.65,308.85816266,309.25258
Kraken,eth_eur,309.65,1601538492.771473,309.64,120.59807235,309.65,307.42141269,309.25265
Kraken,eth_eur,309.65,1601538492.900533,309.64,120.59807235,309.65,306.94249603,309.25268
Kraken,eth_eur,309.65,1601538495.438591,309.64,105.59807235,309.65,301.89065469,309.25293
Kraken,eth_usd,363.29,1601538495.569198,363.29,47.65287197,363.3,3.5,361.29395
Kraken,eth_eur,309.64,1601538495.584913,309.64,100.59807235,309.65,301.89065469,309.25318
Kraken,btc_eur,9235.9,1601538499.175973,9235.9,4.84979278,9236.0,27.43707612,9228.93345
Kraken,btc_eur,9236.0,1601538503.395022,9235.9,4.40527674,9236.0,27.63915333,9228.93348
Kraken,btc_eur,9236.0,1601538511.887762,9235.9,4.78346278,9236.0,27.39671411,9228.93368
Kraken,eth_eur,309.65,1601538513.343552,309.64,88.91359972,309.65,305.22468081,309.25319
Kraken,eth_eur,309.65,1601538517.152934,309.64,76.26329236,309.65,305.14973081,309.2532
Kraken,eth_eur,309.65,1601538520.733245,309.64,128.41987305,309.65,283.14973081,309.2543
Kraken,btc_eur,9236.0,1601538522.968801,9235.9,4.91873583,9236.0,27.15100679,9228.93373
Kraken,eth_eur,309.65,1601538524.858018,309.64,115.76956569,309.65,253.29516556,309.25561
Kraken,eth_eur,309.65,1601538528.698089,309.64,120.45403832,309.65,253.22244669,309.25561
Kraken,eth_eur,309.65,1601538530.393412,309.64,133.10434568,309.65,252.74358275,309.25564
Kraken,btc_eur,9235.9,1601538531.312066,9235.9,2.38729278,9236.0,27.15100679,9228.94535
Kraken,btc_eur,9235.9,1601538531.665126,9235.9,2.42202278,9236.0,27.15999053,9228.94581
Kraken,btc_eur,9235.9,1601538531.962433,9235.9,3.42202278,9236.0,27.15999053,9228.94628
Kraken,btc_eur,9235.9,1601538532.262955,9235.9,3.32202278,9236.0,27.15999053,9228.94674
Kraken,btc_eur,9235.9,1601538532.565144,9235.9,3.22202278,9236.0,27.15999053,9228.94721
Kraken,btc_eur,9235.9,1601538532.86589,9235.9,3.76974423,9236.0,27.15999053,9228.94767
Kraken,btc_eur,9235.9,1601538533.174992,9235.9,3.72837848,9236.0,27.15999053,9228.94786
Kraken,eth_eur,309.65,1601538533.219398,309.64,115.76956569,309.65,252.26471881,309.25566
Kraken,btc_eur,9235.9,1601538538.453123,9235.9,3.57986895,9236.0,27.44891027,9228.94855
Kraken,eth_eur,309.65,1601538543.092091,309.64,88.91359972,309.65,255.53845504,309.25568
Kraken,btc_eur,9236.0,1601538544.794526,9235.9,3.57986895,9236.0,27.67428895,9228.94867
Kraken,btc_eur,9236.0,1601538549.959925,9235.9,3.57986895,9236.0,27.66912983,9228.94869
Kraken,eth_eur,309.65,1601538569.91425,309.64,88.91359972,309.65,254.89737678,309.25571
Kraken,eth_eur,309.65,1601538574.658513,309.64,88.91359972,309.65,245.50847486,309.256
Kraken,eth_eur,309.65,1601538574.672633,309.64,88.91359972,309.65,242.64012486,309.25614
Kraken,eth_eur,309.65,1601538574.689067,309.64,88.91359972,309.65,241.20486486,309.25621
Kraken,eth_eur,309.65,1601538574.698367,309.64,103.91359972,309.65,240.72610633,309.25623
Kraken,eth_eur,309.65,1601538574.72252,309.64,108.86359972,309.65,234.96645289,309.25652
Kraken,eth_eur,309.65,1601538574.755104,309.64,112.4912319,309.65,233.53015289,309.25659
Kraken,eth_usd,363.3,1601538574.761508,363.29,131.96983595,363.47,1.94084604,361.29443
Kraken,eth_eur,309.65,1601538574.798014,309.64,117.17570453,309.65,211.53015289,309.25768
Kraken,eth_eur,309.65,1601538574.844259,309.64,117.17570453,309.65,196.53015289,309.25841
Kraken,eth_eur,309.65,1601538574.939821,309.64,117.17570453,309.65,182.78012262,309.25909
Kraken,eth_eur,309.65,1601538574.940366,309.64,117.17570453,309.65,178.47165149,309.2593
Kraken,eth_eur,309.65,1601538574.99571,309.64,117.17570453,309.65,164.72162122,309.25997
Kraken,eth_eur,309.65,1601538575.091208,309.64,117.17570453,309.65,150.97255958,309.26063
Kraken,eth_eur,309.65,1601538575.197087,309.64,123.20443378,309.65,137.22420824,309.2613
Kraken,eth_eur,309.65,1601538575.330795,309.64,123.20443378,309.65,123.47478367,309.26196
Kraken,eth_eur,309.65,1601538575.410507,309.64,218.43043378,309.65,122.61550283,309.262
Kraken,eth_eur,309.65,1601538575.427609,309.64,218.43043378,309.65,108.86538122,309.26266
Kraken,eth_usd,363.49,1601538575.531231,363.49,21.06646534,363.59,1.94084604,361.29456
Kraken,eth_eur,309.65,1601538575.644605,309.64,217.3528016,309.65,107.42950071,309.26273
Kraken,btc_eur,9236.0,1601538576.123923,9235.9,3.06695291,9236.0,27.75774629,9228.94893
Kraken,eth_eur,309.65,1601538576.291359,309.64,217.3528016,309.65,93.6793791,309.26339
Kraken,eth_eur,309.65,1601538576.907391,309.64,217.3528016,309.65,92.24345909,309.26346
Kraken,eth_eur,309.65,1601538578.143829,309.64,306.40865517,309.65,91.58542003,309.26349
Kraken,eth_usd,363.56,1601538578.264097,363.56,47.39219966,363.57,1.94084604,361.29466
Kraken,eth_eur,309.65,1601538578.432547,309.64,306.40865517,309.65,91.10679319,309.26351
Kraken,eth_eur,309.65,1601538578.441585,309.64,306.40865517,309.65,88.68128999,309.26363
Kraken,eth_eur,309.65,1601538578.449071,309.64,306.40865517,309.65,88.20266315,309.26365
Kraken,eth_usd,363.56,1601538578.563103,363.56,44.96669646,363.57,1.94084604,361.29503
Kraken,eth_eur,309.65,1601538578.669667,309.64,306.40865517,309.65,18.20266315,309.26697
Kraken,eth_eur,309.65,1601538578.705778,309.64,306.40865517,309.65,17.46366315,309.267
Kraken,eth_eur,309.65,1601538579.206384,309.64,306.40865517,309.65,16.58826315,309.26704
Kraken,eth_eur,309.65,1601538580.179831,309.64,306.40865517,309.65,16.49631001,309.26705
Kraken,eth_eur,309.65,1601538580.696014,309.64,306.40865517,309.65,16.01767001,309.26707
Kraken,eth_eur,309.65,1601538580.87886,309.64,309.10365517,309.65,15.8162514,309.26708
Kraken,eth_usd,363.58,1601538581.002756,363.58,31.84865801,363.59,1.94084604,361.29506
Kraken,eth_eur,309.65,1601538581.124567,309.64,309.10365517,309.65,14.6142514,309.26713
Kraken,eth_eur,309.65,1601538582.648165,309.64,309.10365517,309.65,0.86589914,309.26778
Kraken,eth_eur,309.65,1601538582.723257,309.64,309.10365517,309.65,0.3872723,309.2678
Kraken,eth_eur,309.65,1601538582.783016,309.64,309.10365517,309.69,0.2201,309.26782
Kraken,eth_eur,309.69,1601538583.616871,309.68,49.55282567,309.7,2.3120928,309.26783
Kraken,eth_usd,363.59,1601538583.742596,363.59,31.83003493,363.6,3.5,361.29509
Kraken,eth_usd,363.59,1601538585.486683,363.59,50.12978609,363.6,3.5,361.29545
Kraken,eth_eur,309.7,1601538586.340516,309.69,300.23644792,309.7,0.79311611,309.26791
Kraken,eth_usd,363.59,1601538586.460187,363.59,64.6108094,363.6,3.5,361.29569
Kraken,btc_eur,9235.9,1601538588.194126,9235.9,3.31221697,9236.0,27.55614939,9228.94894
Kraken,btc_eur,9236.0,1601538589.188908,9235.9,3.31221697,9236.0,27.52554086,9228.94908
Kraken,eth_eur,309.7,1601538590.483217,309.69,319.23644792,309.8,6.99078481,309.26795
Kraken,eth_usd,363.59,1601538593.183263,363.59,69.1518094,363.6,3.5,361.29623
Kraken,btc_eur,9236.0,1601538600.89442,9235.9,3.28077392,9236.0,27.17599428,9228.9491
Kraken,eth_eur,309.79,1601538601.5681,309.79,189.40006287,309.8,6.99078481,309.26797
Kraken,btc_eur,9236.0,1601538606.082969,9235.9,3.65290301,9236.0,27.17989175,9228.94914
Kraken,btc_eur,9236.0,1601538606.085302,9235.9,3.65290301,9236.0,27.16989175,9228.94918
Kraken,eth_eur,309.8,1601538608.475542,309.79,185.15006287,309.8,6.88272862,309.26798
Kraken,btc_eur,9235.9,1601538612.918901,9235.9,3.6241934,9236.0,27.16989175,9228.94932
Kraken,eth_eur,309.8,1601538612.921949,309.79,185.15006287,309.8,6.38272862,309.26801
Kraken,btc_eur,9236.0,1601538624.405129,9235.9,3.7589234,9236.0,27.16384748,9228.94935
Kraken,btc_eur,9235.9,1601538632.344745,9235.9,1.00451503,9236.0,28.40628366,9228.94935
Kraken,eth_eur,309.8,1601538638.490119,309.79,79.01596656,309.8,12.97229387,309.26803
Kraken,btc_eur,9235.9,1601538638.779817,9235.9,3.30745539,9236.0,28.40628366,9228.94938
Kraken,btc_eur,9235.9,1601538643.010831,9235.9,0.98602752,9236.0,28.00628366,9228.94944
Kraken,btc_eur,9235.9,1601538643.530439,9235.9,0.38602752,9236.0,28.00628366,9228.9499
Kraken,btc_eur,9235.9,1601538643.837398,9235.9,0.28602752,9236.0,28.00628366,9228.95036
Kraken,btc_eur,9235.9,1601538644.12279,9235.9,0.18602752,9236.0,28.00628366,9228.95083
Kraken,btc_eur,9235.9,1601538644.425493,9235.9,0.08602752,9236.0,28.00628366,9228.95129
Kraken,btc_eur,9236.0,1601538644.607061,9235.9,0.08602752,9236.0,27.98599388,9228.95139
Kraken,btc_eur,9235.8,1601538644.724643,9235.8,0.00444878,9236.0,27.98599388,9228.95185
Kraken,btc_eur,9235.7,1601538645.02503,9235.7,0.6777007,9235.9,0.98211261,9228.95203
Kraken,eth_eur,309.8,1601538650.227995,309.79,112.33064566,309.8,3.08272862,309.26822
Kraken,btc_eur,9235.8,1601538653.676016,9235.7,1.1777007,9235.8,3.11271163,9228.95205
Kraken,btc_eur,9235.9,1601538670.798301,9235.8,3.11644305,9235.9,0.07993916,9228.95225
Kraken,btc_eur,9235.8,1601538675.591876,9235.8,3.8492533,9235.9,0.12308916,9228.95363
Kraken,btc_eur,9235.9,1601538678.097629,9235.8,4.36772169,9235.9,0.10061858,9228.95373
Kraken,btc_eur,9235.9,1601538678.59204,9235.8,4.36772169,9235.9,0.08639893,9228.9538
Kraken,btc_eur,9235.9,1601538679.535812,9235.8,3.96772169,9235.9,0.06460208,9228.9539
Kraken,eth_eur,309.8,1601538690.200491,309.79,126.09714874,309.8,2.17015471,309.26828
Kraken,btc_eur,9235.9,1601538698.838069,9235.8,4.90840773,9235.9,0.05010556,9228.95397
Kraken,eth_eur,309.8,1601538704.889462,309.79,132.55313505,309.8,1.84977078,309.2683
Kraken,btc_eur,9236.0,1601538719.728449,9235.9,4.82340539,9236.0,26.85976874,9228.95402
Kraken,btc_eur,9236.0,1601538722.959283,9235.9,4.82340539,9236.0,26.84902222,9228.95407
Kraken,eth_eur,309.79,1601538724.732283,309.79,132.97884286,309.8,1.84977078,309.26832
Kraken,btc_eur,9235.9,1601538729.870739,9235.9,4.81707469,9236.0,26.84902222,9228.9541
Kraken,btc_eur,9236.0,1601538736.641722,9235.9,4.81707469,9236.0,26.53186866,9228.95558
Kraken,eth_eur,309.8,1601538743.141088,309.79,132.97884286,309.8,5.00433603,309.26835
Kraken,eth_usd,363.59,1601538744.127215,363.59,30.471,363.6,4.5,361.2967
Kraken,eth_eur,309.8,1601538744.959647,309.79,132.97884286,309.8,0.84977078,309.26838
Kraken,eth_eur,309.79,1601538751.648962,309.79,134.98009286,309.8,0.84977078,309.26851
Kraken,eth_eur,309.8,1601538752.263587,309.79,133.86512218,309.8,4.40433603,309.26851
Kraken,btc_usd,10820.9,1601538755.979947,10820.9,8.83475734,10821.0,0.05464041,10816.31324
Kraken,btc_eur,9236.0,1601538768.682806,9235.9,4.9038663,9236.0,26.50802192,9228.9557
Kraken,btc_eur,9236.0,1601538769.083758,9235.9,4.4038663,9236.0,26.50329682,9228.95572
Kraken,btc_eur,9236.0,1601538769.518607,9235.9,4.4038663,9236.0,26.49934594,9228.95574
Kraken,btc_eur,9236.0,1601538770.360123,9235.9,4.9038663,9236.0,26.47536073,9228.95585
Kraken,eth_eur,309.8,1601538771.93578,309.79,112.4813326,309.8,1.40433603,309.26871
Kraken,btc_usd,10820.9,1601538779.088843,10820.9,14.07939729,10821.0,0.05,10816.31668
Kraken,btc_eur,9236.0,1601538783.225454,9235.9,4.9038663,9236.0,26.6796448,9228.95587
Kraken,btc_eur,9236.0,1601538783.555455,9235.9,4.9038663,9236.0,26.67529804,9228.95589
Kraken,btc_eur,9236.0,1601538783.849178,9235.9,4.9038663,9236.0,26.62367012,9228.95613
Kraken,btc_eur,9235.9,1601538792.807044,9235.9,4.89881696,9236.0,26.41578531,9228.95615
Kraken,eth_eur,309.81,1601538803.797504,309.8,90.95046538,309.81,1.65263019,309.26877
Kraken,eth_usd,363.59,1601538803.918826,363.59,29.24591955,363.6,28.13039097,361.29684
Kraken,btc_eur,9236.0,1601538806.256505,9235.9,4.89881696,9236.0,26.08611694,9228.95868
Kraken,eth_eur,309.95,1601538809.460756,309.81,211.7367988,309.95,4.45421,309.26885
Kraken,btc_eur,9236.0,1601538824.114565,9235.9,4.89881696,9236.0,25.83503251,9228.95888
Kraken,btc_eur,9236.0,1601538824.417261,9235.9,4.89881696,9236.0,25.72703251,9228.95938
Kraken,btc_eur,9235.9,1601538827.196188,9235.9,5.56499001,9236.0,25.72703251,9228.95985
Kraken,btc_eur,9236.0,1601538840.969097,9235.9,5.53354696,9236.0,26.12061542,9228.95988
Kraken,btc_usd,10831.4,1601538841.545505,10820.9,15.5394057,10831.4,0.14900007,10816.39494
Kraken,btc_eur,9236.0,1601538844.122956,9235.9,6.091703,9236.0,24.37408185,9228.96618
Kraken,btc_usd,10828.9,1601538844.373905,10826.6,0.00464041,10828.9,0.45217302,10816.39584
Kraken,eth_usd,363.72,1601538849.258892,363.59,43.49,363.72,14.14795371,361.30989
Kraken,btc_eur,9235.9,1601538855.583933,9235.9,6.94296152,9236.0,24.37408185,9228.96782
Kraken,btc_eur,9236.0,1601538862.961062,9235.9,6.94296152,9236.0,23.99106524,9228.96961
Kraken,btc_eur,9236.0,1601538866.928994,9235.9,6.94296152,9236.0,23.96606524,9228.96973
Kraken,btc_eur,9236.0,1601538868.244459,9235.9,6.94296152,9236.0,23.90996524,9228.96999
Kraken,btc_eur,9236.0,1601538878.199692,9235.9,5.91151847,9236.0,23.73752376,9228.97084
Kraken,btc_eur,9236.0,1601538879.121287,9235.9,5.91151847,9236.0,23.70673752,9228.97098
Kraken,btc_eur,9236.0,1601538879.363716,9235.9,5.91151847,9236.0,23.62560687,9228.97132
Kraken,eth_usd,363.62,1601538882.197451,363.62,15.7,363.63,17.0,361.30994
Kraken,btc_eur,9236.0,1601538882.389319,9235.9,5.91151847,9236.0,23.51814158,9228.97182
Kraken,btc_eur,9236.0,1601538890.571534,9235.9,5.94296152,9236.0,22.99848158,9228.97425
Kraken,eth_eur,309.95,1601538894.369351,309.95,91.53393517,309.96,0.02013,309.26893
Kraken,btc_eur,9236.0,1601538895.771715,9235.9,5.94296152,9236.0,22.9781918,9228.97434
Kraken,btc_eur,9235.6,1601538897.556592,9235.9,0.00173285,9236.0,22.9781918,9229.00792
Kraken,btc_eur,9236.0,1601538900.072898,9235.9,2.7819467,9236.0,23.66625589,9229.00793
Kraken,btc_eur,9235.9,1601538900.406043,9235.9,3.27726066,9236.0,23.66625589,9229.00795
Kraken,btc_eur,9236.0,1601538910.26512,9235.9,3.27726066,9236.0,23.63918589,9229.00807
Kraken,eth_eur,309.97,1601538912.351309,309.95,189.16093517,309.97,0.20558815,309.26893
Kraken,eth_eur,309.97,1601538912.850762,309.96,54.65030736,309.97,0.00558815,309.26895
Kraken,btc_eur,9236.0,1601538913.844497,9235.9,3.27726066,9236.0,23.63649589,9229.00809
Kraken,btc_eur,9235.9,1601538917.711273,9235.9,2.95726066,9236.0,23.63649589,9229.00955
Kraken,btc_eur,9236.0,1601538923.775166,9235.9,2.45726066,9236.0,24.7431603,9229.00955
Kraken,eth_eur,309.95,1601538941.384861,309.95,12.01474118,309.96,18.71604042,309.269
Kraken,btc_eur,9236.0,1601538946.129553,9235.9,2.45726066,9236.0,24.49759184,9229.00965
Kraken,btc_eur,9236.0,1601538947.570732,9235.9,2.45726066,9236.0,24.47429674,9229.00976
Kraken,eth_eur,309.93,1601538963.05487,309.93,21.379175,309.94,48.31255866,309.26905
Kraken,btc_eur,9235.9,1601538963.718224,9235.9,2.94885966,9236.0,24.46460097,9229.0098
Kraken,btc_eur,9235.9,1601538969.024514,9235.9,2.94389817,9236.0,23.97429674,9229.00982
Kraken,eth_eur,309.94,1601538974.825466,309.93,22.01474118,309.94,48.21396254,309.26906
Kraken,btc_eur,9235.9,1601538974.830198,9235.9,0.28039901,9236.0,23.99451013,9229.01284
Kraken,btc_eur,9235.6,1601538975.580368,9235.6,3.78282267,9235.7,0.02021339,9229.01393
Kraken,eth_eur,309.93,1601538984.329715,309.93,9.89195375,309.94,48.21396254,309.26907
Kraken,eth_eur,309.9,1601538991.62548,309.89,40.0,309.9,32.98723411,309.26909
Kraken,eth_eur,309.9,1601538998.482569,309.89,40.0,309.9,26.97527329,309.27032
Kraken,btc_eur,9235.7,1601539007.596357,9235.6,6.29905267,9235.7,1.27873188,9229.01599
Kraken,btc_usd,10828.0,1601539007.780752,10827.9,1.1470141,10828.0,2.61211357,10816.39614
Kraken,btc_usd,10829.6,1601539016.609938,10829.5,0.69290722,10829.6,2.80964221,10816.39644
Kraken,eth_eur,309.92,1601539017.515053,309.92,17.51033118,309.93,13.055,309.27036
Kraken,eth_usd,363.36,1601539017.76735,363.36,4.07746534,363.63,30.37762874,361.32218
Kraken,btc_eur,9235.7,1601539024.877093,9235.6,3.78282267,9235.7,1.97638886,9229.01619
Kraken,btc_eur,9235.7,1601539024.974243,9235.6,3.78282267,9235.7,1.9692623,9229.01622
Kraken,btc_eur,9235.6,1601539026.891155,9235.6,3.68674417,9235.7,2.17717212,9229.01664
Kraken,btc_eur,9235.6,1601539029.439698,9235.6,3.66632417,9235.7,1.77717212,9229.01673
Kraken,eth_eur,309.85,1601539029.706927,309.85,1.52033118,309.86,43.45747168,309.27107
Kraken,btc_eur,9235.6,1601539030.670059,9235.6,3.86285125,9235.7,1.77717212,9229.0169
Kraken,btc_eur,9235.6,1601539031.010733,9235.6,3.60443904,9235.7,1.77717212,9229.017
Kraken,btc_eur,9235.6,1601539032.136278,9235.6,2.83939887,9235.7,1.77717212,9229.02032
Kraken,btc_usd,10827.1,1601539032.982175,10827.1,0.69265234,10828.0,2.74464041,10816.39646
Kraken,btc_eur,9235.6,1601539033.506303,9235.6,2.57240622,9235.7,2.02717212,9229.02148
Kraken,btc_eur,9235.6,1601539036.203416,9235.6,2.55540622,9235.7,2.02717212,9229.02156
Kraken,eth_eur,309.82,1601539036.28076,309.82,34.87,309.84,1.02087118,309.27114
Kraken,eth_eur,309.84,1601539038.515948,309.84,1.655,309.85,1.02087118,309.27128
Kraken,btc_eur,9235.7,1601539040.219432,9235.6,2.55540622,9235.7,2.00451036,9229.02166
Kraken,btc_eur,9235.7,1601539040.64055,9235.6,2.55540622,9235.7,1.98149268,9229.02176
Kraken,eth_eur,309.81,1601539044.789726,309.81,15.86176436,309.82,13.46587118,309.27129
Kraken,eth_eur,309.82,1601539046.665863,309.81,46.0,309.82,13.26435127,309.2713
Kraken,btc_eur,9235.6,1601539046.66903,9235.6,2.55423812,9235.7,1.73349268,9229.02176
Kraken,eth_usd,363.59,1601539071.234417,363.59,1.70614279,363.63,0.75,361.32223
Kraken,btc_eur,9235.9,1601539075.213051,9235.6,7.43072965,9235.9,0.04442628,9229.02186
Kraken,btc_usd,10831.0,1601539076.233744,10831.0,0.63322174,10831.1,0.60972849,10816.39696
Kraken,btc_usd,10831.0,1601539077.61008,10831.0,1.50344455,10831.1,2.47018929,10816.39767
Kraken,btc_usd,10831.0,1601539077.623286,10831.0,1.49072925,10831.1,2.47018929,10816.39795
Kraken,btc_eur,9236.0,1601539078.304387,9235.9,2.5,9236.0,22.89690301,9229.02187
Kraken,btc_eur,9235.9,1601539084.966606,9235.9,3.46787369,9236.0,22.89690301,9229.02188
Kraken,btc_eur,9235.9,1601539088.609419,9235.9,3.44268171,9236.0,22.89690301,9229.022
Kraken,btc_usd,10831.1,1601539089.920864,10831.0,1.98196662,10831.1,0.40528615,10816.39937
Kraken,eth_eur,310.0,1601539095.284126,309.96,174.45334126,310.0,3.62178125,309.27133
Kraken,btc_eur,9236.0,1601539099.698395,9235.9,4.57741171,9236.0,22.89197875,9229.02202
Kraken,btc_eur,9236.0,1601539113.510322,9235.9,4.45840324,9236.0,22.67932489,9229.02301
Kraken,eth_eur,310.0,1601539114.43381,309.99,99.44050823,310.0,2.18244601,309.27146
Kraken,eth_usd,363.79,1601539114.526194,363.78,115.56728743,363.79,4e-05,361.32246
Kraken,eth_usd,363.9,1601539114.538374,363.78,115.56728743,363.98,6.966,361.32306
Kraken,eth_eur,310.0,1601539114.626635,309.99,128.43050823,310.0,0.74834068,309.27158
Kraken,eth_eur,310.0,1601539114.659626,309.99,128.43050823,310.02,0.02013,309.27165
Kraken,eth_eur,310.12,1601539114.797527,310.01,36.45140479,310.12,0.10022696,309.27167
Kraken,eth_usd,363.97,1601539114.911757,363.97,75.05010213,364.15,0.16502288,361.3231
Kraken,eth_eur,310.12,1601539120.575377,310.11,190.99788982,310.12,4.596e-05,309.27168
Kraken,eth_usd,364.11,1601539120.697432,364.11,1.94689865,364.15,0.26524806,361.32312
Kraken,eth_usd,364.28,1601539120.720427,364.11,1.94689865,364.28,27.32481245,361.3347
Kraken,eth_usd,364.32,1601539120.738576,364.11,1.94689865,364.32,17.72082468,361.34464
Kraken,eth_usd,364.33,1601539120.781299,364.11,1.94689865,364.33,17.93192109,361.35435
Kraken,eth_eur,310.22,1601539120.804809,310.11,190.99788982,310.26,0.05,309.27183
Kraken,eth_eur,310.37,1601539120.813847,310.11,190.99788982,310.37,4.35,309.27193
Kraken,btc_eur,9236.0,1601539129.408277,9235.9,5.87393606,9236.0,22.65880656,9229.0231
Kraken,btc_eur,9236.0,1601539132.704618,9235.9,4.44268171,9236.0,22.65651123,9229.02321
Kraken,btc_eur,9236.0,1601539133.136897,9235.9,4.44268171,9236.0,22.62804239,9229.02334
Kraken,btc_eur,9236.0,1601539133.571608,9235.9,4.44268171,9236.0,22.60205291,9229.02346
Kraken,eth_eur,310.27,1601539135.652015,310.27,14.29479811,310.28,30.0,309.27197
Kraken,btc_eur,9236.0,1601539136.761798,9235.9,3.94268171,9236.0,23.09662191,9229.02348
Kraken,eth_usd,364.02,1601539141.231489,364.02,29.61661202,364.06,20.60946487,361.35442
Kraken,eth_eur,310.29,1601539145.45922,310.29,12.91161683,310.3,60.60592688,309.27199
Kraken,eth_eur,310.27,1601539153.432006,310.27,5.39981728,310.29,40.0,309.27328
Kraken,eth_eur,310.26,1601539154.978268,310.23,8.825,310.26,8.72143002,309.27344
Kraken,btc_eur,9236.0,1601539160.619802,9235.9,4.17830162,9236.0,23.065662,9229.02353
Kraken,btc_eur,9236.0,1601539166.338123,9235.9,2.94268171,9236.0,22.82231525,9229.02475
Kraken,eth_usd,364.08,1601539174.961374,364.07,76.80719873,364.08,19.60490131,361.3546
Kraken,btc_eur,9236.0,1601539178.318523,9235.9,3.45202655,9236.0,22.36443918,9229.02479
Kraken,eth_eur,310.33,1601539180.928157,310.33,1.80051866,310.34,51.62159675,309.27346
Kraken,btc_eur,9236.0,1601539181.480389,9235.9,3.45202655,9236.0,22.35746918,9229.02482
Kraken,eth_usd,364.08,1601539184.899108,364.07,101.30719873,364.08,14.60490131,361.3555
Kraken,btc_eur,9236.0,1601539185.167516,9235.9,4.16046151,9236.0,22.26445475,9229.02492
Kraken,btc_eur,9236.0,1601539185.462885,9235.9,4.16046151,9236.0,22.24573736,9229.02501
Kraken,btc_eur,9236.0,1601539188.175972,9235.9,3.45202655,9236.0,22.2425867,9229.02502
Kraken,eth_eur,310.34,1601539188.456873,310.33,10.09051866,310.34,20.44081235,309.27348
Kraken,btc_usd,10833.3,1601539201.910622,10833.2,1.52128659,10833.3,1.9432035,10816.39941
Kraken,btc_eur,9236.0,1601539202.962919,9235.9,3.45268171,9236.0,22.62348464,9229.02503
Kraken,btc_eur,9236.0,1601539204.899774,9235.9,3.45268171,9236.0,22.58147588,9229.02523
Kraken,eth_eur,310.35,1601539205.139107,310.33,5.12051866,310.35,0.78696835,309.27351
Kraken,btc_eur,9235.9,1601539205.651632,9235.9,3.45118281,9236.0,22.19753447,9229.02523
Kraken,btc_eur,9235.9,1601539206.712976,9235.9,3.46420632,9236.0,22.19753447,9229.02525
Kraken,btc_eur,9235.9,1601539206.721172,9235.9,3.45921786,9236.0,22.19753447,9229.02527
Kraken,btc_eur,9235.9,1601539206.783044,9235.9,3.44385786,9236.0,22.19753447,9229.02534
Kraken,btc_eur,9235.9,1601539208.723133,9235.9,3.39536043,9236.0,22.19753447,9229.02549
Kraken,eth_eur,310.44,1601539209.209345,310.36,30.30366467,310.44,9.76e-06,309.27364
Kraken,eth_usd,364.17,1601539209.232943,364.16,193.05,364.35,0.3,361.3568
Kraken,eth_eur,310.49,1601539209.245546,310.36,30.30366467,310.49,4.53033774,309.27511
Kraken,eth_eur,310.49,1601539209.271767,310.45,150.0,310.54,0.44598,309.27578
