Plateforme,Asset,Quote,Datetime,Bid,BidAmount,Ask,AskAmount,OpenInterest
Kraken,btc_usd,10895.50000,1601297500.388661,10890.00000,19.67570278,10895.50000,0.38143250,10890.15830
Kraken,btc_usd,10902.90000,1601297690.096553,10902.80000,0.92632384,10902.90000,0.15763392,10890.21712
Kraken,btc_usd,10909.10000,1601297792.963999,10902.80000,0.71399999,10909.10000,0.16463695,10890.31134
Kraken,btc_usd,10902.60000,1601298566.792844,10902.60000,0.91921757,10904.60000,0.47414603,10890.34563
Kraken,btc_usd,10918.5,1601298756.09676,10918.5,17.18336253,10918.6,0.00694493,10890.35566
Kraken,btc_eur,9366.6,1601298761.166613,9366.5,3.97154688,9366.6,0.92327787,9359.61254
Kraken,eth_usd,365.27,1601298768.425035,365.23,50.72244873,365.27,20.44312089,359.62772
Kraken,eth_eur,312.95,1601298772.16506,312.95,43.76706808,312.96,9.7,309.20433
Kraken,btc_usd,10918.5,1601298777.785636,10918.5,8.84475129,10918.6,0.01158482,10890.35568
Kraken,btc_eur,9366.5,1601298780.301416,9366.5,0.09509158,9366.6,6.17612752,9359.61256
Kraken,eth_usd,365.18,1601298782.621741,365.18,0.01109164,365.19,10.2830436,359.62783
Kraken,eth_usd,365.18,1601298787.80338,364.83,4.85,365.19,10.2830436,359.62783
Kraken,eth_usd,365.1,1601298790.100635,364.84,30.0,365.1,99.5,359.62793
Kraken,btc_eur,9366.3,1601298792.919193,9362.0,0.5625,9366.4,0.5,9359.61257
Kraken,btc_eur,9360.5,1601298795.03794,9360.4,0.1,9360.5,0.80365984,9359.61258
Kraken,btc_usd,10918.6,1601298797.054197,10918.5,0.193,10918.6,5.40557382,10890.35582
Kraken,btc_usd,10918.6,1601298802.697171,10918.5,0.193,10918.6,5.80173937,10890.35588
Kraken,btc_eur,9359.3,1601298805.153143,9359.2,0.68723354,9359.3,1.82343806,9359.61253
Kraken,btc_usd,10920.0,1601298810.589979,10918.5,0.193,10920.1,0.68709156,10890.51372
Kraken,btc_usd,10920.0,1601298813.008495,10920.0,0.93358827,10920.1,0.68709156,10890.51528
Kraken,btc_eur,9359.2,1601298815.804871,9359.2,3.8121947,9359.3,0.98865709,9359.61252
Kraken,btc_eur,9359.2,1601298818.755577,9359.2,3.76440871,9359.3,0.98865709,9359.61251
Kraken,btc_eur,9359.2,1601298821.220891,9359.2,3.67777876,9359.3,0.98865709,9359.6125
Kraken,btc_eur,9359.2,1601298824.091335,9359.2,3.64922176,9359.3,0.98865709,9359.6125
Kraken,btc_eur,9359.2,1601298826.553675,9359.2,3.56814076,9359.3,0.98865709,9359.61249
Kraken,eth_eur,312.8,1601298829.40663,312.68,33.7398118,312.8,9.01582114,309.20465
Kraken,btc_eur,9359.2,1601298833.692493,9359.2,4.26678757,9359.3,0.98865709,9359.61248
Kraken,btc_eur,9359.2,1601298839.012405,9359.2,4.32399251,9359.3,0.98865709,9359.61248
Kraken,btc_eur,9360.4,1601298843.583948,9360.4,2.69086144,9360.5,0.98443806,9359.61248
Kraken,eth_usd,364.81,1601298846.785508,364.8,50.359,364.85,20.5771134,359.628
Kraken,btc_eur,9364.8,1601298848.862716,9360.4,5.57639308,9364.8,3.979,9359.61349
Kraken,btc_eur,9366.2,1601298851.554507,9364.7,0.5,9366.2,0.33875166,9359.61478
Kraken,btc_eur,9366.5,1601298854.387394,9366.5,3.08809888,9366.6,0.01601434,9359.61478
Kraken,eth_eur,312.79,1601298857.155225,312.77,37.23647299,312.89,6.0,309.21124
Kraken,btc_usd,10925.2,1601298859.977767,10925.1,23.85569423,10925.2,2.71255909,10890.5208
Kraken,btc_eur,9366.6,1601298863.487848,9366.5,9.17854461,9370.0,0.27736158,9359.61482
Kraken,eth_eur,313.02,1601298866.206234,312.99,80.77484427,313.01,1e-08,309.21174
Kraken,eth_usd,365.25,1601298868.413145,365.15,5.0,365.25,20.54384581,359.6321
Kraken,btc_usd,10925.2,1601298870.673043,10925.1,23.85569423,10925.2,0.00255909,10890.57275
Kraken,btc_usd,10925.2,1601298875.648997,10925.1,23.96569423,10932.4,0.004,10890.5728
Kraken,btc_eur,9369.9,1601298880.789957,9369.9,7.4486022,9370.0,0.27736158,9359.61483
Kraken,btc_eur,9370.0,1601298882.759156,9369.9,8.68168811,9370.0,0.26921694,9359.61485
Kraken,eth_eur,313.37,1601298884.526188,313.15,30.0,313.37,0.98758884,309.24681
Kraken,eth_eur,313.37,1601298886.881435,313.15,30.0,313.37,0.78758884,309.24686
Kraken,btc_eur,9370.0,1601298888.671702,9369.9,8.68168811,9370.0,0.2412826,9359.61495
Kraken,btc_eur,9369.9,1601298891.507406,9369.9,8.07868526,9370.0,2.2412826,9359.61509
Kraken,btc_eur,9370.0,1601298894.119248,9369.9,5.10440779,9370.0,1.03360261,9359.61511
Kraken,eth_eur,313.18,1601298896.696741,313.17,36.29692179,313.18,26.96716439,309.24688
Kraken,btc_usd,10932.3,1601298898.918592,10932.3,11.08761612,10932.4,0.23104967,10890.57303
Kraken,eth_eur,313.15,1601298901.054809,313.15,2.46692179,313.17,8.0,309.24768
Kraken,eth_usd,365.28,1601298903.591476,365.28,46.95329123,365.29,20.54363782,359.6323
Kraken,btc_usd,10932.4,1601298906.234396,10932.3,12.12243659,10932.4,0.13587781,10890.57523
Kraken,btc_usd,10932.4,1601298911.07775,10932.3,10.57021074,10932.4,0.13483547,10890.57568
Kraken,btc_eur,9370.0,1601298913.53,9369.9,7.480712,9370.0,0.23056261,9359.61512
Kraken,eth_usd,365.36,1601298918.55064,365.19,30.45829123,365.36,41.75,359.63231
Kraken,btc_eur,9370.1,1601298921.515116,9369.9,10.54003778,9371.1,0.02674,9359.61594
Kraken,btc_usd,10941.6,1601298923.81312,10932.3,15.94625663,10941.6,0.04703811,10890.60116
Kraken,btc_eur,9371.2,1601298926.447078,9371.0,8.81482351,9374.9,0.00548436,9359.61684
Kraken,eth_usd,365.35,1601298928.856835,365.34,13.29829123,365.35,18.53741025,359.63272
Kraken,btc_eur,9375.0,1601298931.764151,9374.8,8.66888861,9375.0,3.77700811,9359.61687
Kraken,btc_eur,9375.0,1601298933.943711,9374.9,3.93528556,9375.0,3.72776754,9359.61712
Kraken,btc_usd,10943.1,1601298935.943503,10943.1,0.44075943,10944.3,0.05168454,10890.60259
Kraken,btc_eur,9375.0,1601298938.447935,9374.9,6.9820168,9375.0,3.04239954,9359.62054
Kraken,btc_usd,10944.8,1601298940.580714,10943.7,0.5,10944.8,0.62992813,10890.60545
Kraken,btc_eur,9374.9,1601298942.347005,9374.9,8.83900099,9375.0,3.04239954,9359.62068
Kraken,btc_eur,9375.0,1601298944.62659,9374.9,8.83900099,9375.0,2.99987889,9359.6209
Kraken,btc_usd,10943.0,1601298947.523948,10943.0,0.12147935,10944.9,9.136e-05,10890.60668
Kraken,btc_usd,10945.0,1601298953.021133,10943.9,0.68546743,10945.0,23.51811305,10890.60968
Kraken,eth_usd,365.3,1601298955.841811,365.3,20.49664832,365.4,3.5,359.63275
Kraken,eth_eur,313.21,1601298958.016213,313.11,23.55365816,313.21,1.9963107,309.24811
Kraken,btc_usd,10943.7,1601298961.347758,10942.8,5.0,10943.7,0.40374894,10890.61247
Kraken,btc_eur,9374.9,1601298967.196877,9374.9,7.87225623,9375.0,2.99987889,9359.62111
Kraken,btc_eur,9380.0,1601298969.978696,9374.9,7.94332923,9380.0,2.46343434,9359.64246
Kraken,btc_eur,9380.0,1601298973.03896,9377.7,0.00213271,9380.0,2.44653813,9359.64258
Kraken,btc_eur,9375.0,1601298976.252266,9375.0,1.07013271,9380.0,2.44653813,9359.64271
Kraken,eth_usd,365.4,1601298978.354154,365.27,0.38329123,365.4,3.11475372,359.64547
Kraken,eth_eur,313.27,1601298980.695392,313.14,30.0,313.27,2.94380583,309.24812
Kraken,btc_eur,9380.0,1601298983.764131,9379.9,3.88107904,9380.0,2.83414008,9359.64279
Kraken,btc_eur,9380.0,1601298989.496993,9379.9,4.97607904,9380.0,2.60414008,9359.64431
Kraken,btc_usd,10944.4,1601298991.4223,10942.0,0.0317,10944.4,0.01555319,10890.63326
Kraken,eth_usd,365.32,1601298993.388645,365.21,0.38329123,365.32,27.15404789,359.6505
Kraken,btc_eur,9386.3,1601298996.39944,9379.9,1.92965924,9386.3,0.28224389,9359.67987
Kraken,eth_eur,313.1,1601299001.163884,313.1,518.6545345,313.11,74.35491662,309.24813
Kraken,eth_eur,313.1,1601299003.311183,313.1,514.15236173,313.11,106.78180859,309.24905
Kraken,eth_eur,313.1,1601299010.684909,313.1,512.7197127,313.11,114.52491662,309.24934
Kraken,eth_eur,313.1,1601299012.487417,313.1,506.0167127,313.11,114.52491662,309.25072
Kraken,eth_usd,365.1,1601299015.354516,364.98,0.6518985,365.11,21.54946425,359.65118
Kraken,eth_eur,313.1,1601299020.282,313.1,440.6507127,313.11,114.30307701,309.26406
Kraken,eth_eur,313.1,1601299022.786849,313.1,410.0357127,313.11,114.30307701,309.27027
Kraken,eth_eur,313.1,1601299024.721684,313.1,410.0157127,313.11,126.04308443,309.27028
Kraken,eth_eur,313.1,1601299026.805732,313.1,406.9557127,313.11,126.04308443,309.2709
Kraken,eth_eur,313.1,1601299029.241171,313.1,396.9557127,313.11,179.41375127,309.27292
Kraken,btc_eur,9376.5,1601299031.835508,9375.1,0.05927492,9376.5,0.01724466,9359.68033
Kraken,eth_eur,313.11,1601299040.085113,313.1,396.9557127,313.11,79.41375127,309.29311
Kraken,eth_eur,313.1,1601299043.568107,313.1,396.9357127,313.11,81.94202127,309.29312
Kraken,btc_eur,9373.5,1601299048.546892,9373.5,0.44142468,9375.2,4.13633199,9359.68281
Kraken,eth_eur,313.1,1601299050.573687,313.1,367.5357127,313.11,86.84202127,309.299
Kraken,eth_eur,313.1,1601299055.719121,313.1,366.10306367,313.11,86.84202127,309.29928
Kraken,eth_eur,313.1,1601299057.273697,313.1,356.10306367,313.11,86.84202127,309.30128
Kraken,eth_eur,313.1,1601299060.070042,313.1,317.10306367,313.11,86.84202127,309.30904
Kraken,eth_eur,313.1,1601299063.566685,313.1,302.10306367,313.11,76.84202127,309.31202
Kraken,eth_eur,313.1,1601299066.154124,313.1,302.05237186,313.11,125.35817424,309.31203
Kraken,btc_eur,9373.7,1601299068.78792,9373.6,3.71411367,9373.7,1.6084312,9359.68283
Kraken,btc_eur,9376.2,1601299072.226671,9373.6,3.80111367,9376.2,0.57245456,9359.70794
Kraken,eth_eur,313.1,1601299074.468401,313.1,164.48237186,313.11,125.35817424,309.33912
Kraken,eth_eur,313.1,1601299076.769006,313.1,96.41237186,313.11,125.35817424,309.35238
Kraken,eth_eur,313.1,1601299081.493312,313.1,95.93482218,313.11,137.05817424,309.35247
Kraken,eth_eur,313.1,1601299084.145348,313.1,92.67482218,313.11,152.15488015,309.35311
Kraken,btc_eur,9378.9,1601299086.294289,9376.8,0.096,9378.9,4.3444,9359.72342
Kraken,btc_eur,9376.9,1601299090.401652,9376.8,0.15527756,9376.9,0.26191409,9359.72398
Kraken,eth_eur,313.11,1601299092.757452,313.1,79.51982218,313.11,62.61599388,309.35331
Kraken,btc_usd,10935.1,1601299095.289864,10934.4,2.94125096,10935.1,0.812746,10890.63469
Kraken,eth_eur,313.1,1601299098.009036,313.1,67.72355218,313.11,62.61599388,309.35408
Kraken,btc_eur,9380.1,1601299100.006256,9376.8,3.01427756,9380.1,1.99471069,9359.72402
Kraken,btc_eur,9376.9,1601299102.33767,9376.9,1.072646,9380.1,1.99471069,9359.72403
Kraken,btc_usd,10937.0,1601299104.508205,10937.0,0.49022618,10938.8,0.856462,10890.63494
Kraken,btc_eur,9378.9,1601299107.254367,9378.9,2.46626671,9379.0,0.26191409,9359.72461
Kraken,eth_eur,313.1,1601299110.378083,313.1,54.36745193,313.11,2.00499388,309.35666
Kraken,btc_eur,9379.4,1601299112.364125,9379.4,0.27118889,9379.9,0.36310976,9359.72778
Kraken,eth_usd,365.12,1601299114.803278,365.12,0.28329123,365.16,20.55401073,359.6512
Kraken,eth_eur,313.11,1601299117.342891,313.1,92.41245193,313.11,1.90499388,309.35668
Kraken,btc_eur,9381.1,1601299120.160877,9381.0,0.5,9381.1,1.85,9359.72881
Kraken,eth_usd,365.37,1601299124.496299,365.37,0.06929123,365.4,53.5,359.65126
Kraken,btc_usd,10939.3,1601299127.218759,10939.2,3.69028192,10943.6,0.4,10890.63547
Kraken,btc_usd,10941.7,1601299129.303586,10941.7,0.13649209,10943.6,0.4,10890.65433
Kraken,btc_eur,9383.2,1601299133.328724,9383.1,2.95923868,9383.2,1.987218,9359.72891
Kraken,btc_eur,9383.1,1601299138.382399,9383.1,2.93072868,9383.2,1.987218,9359.72912
Kraken,btc_eur,9383.1,1601299141.424781,9383.1,3.7731792,9383.2,1.987218,9359.7292
Kraken,eth_eur,313.28,1601299144.042758,313.28,6.99987,313.35,31.90499388,309.35669
Kraken,eth_eur,313.24,1601299146.0201,313.24,28.954,313.33,37.48723704,309.3569
Kraken,eth_eur,313.3,1601299148.167726,313.16,5.15,313.3,34.90499388,309.35792
Kraken,eth_eur,313.13,1601299150.333545,313.13,23.13534207,313.28,1.48723704,309.358
Kraken,eth_eur,313.16,1601299152.742178,313.16,24.45696271,313.26,6.74361852,309.35801
Kraken,eth_eur,313.26,1601299155.093655,313.16,20.54196271,313.26,36.71103825,309.35802
Kraken,btc_usd,10941.6,1601299156.926068,10941.5,0.057083,10941.6,0.62431507,10890.6556
Kraken,btc_eur,9381.4,1601299159.127342,9381.3,0.47504594,9381.4,0.50977712,9359.72921
Kraken,eth_eur,313.14,1601299161.581575,313.14,19.801,313.15,0.72732838,309.35803
Kraken,btc_eur,9379.1,1601299166.126131,9379.1,0.37070659,9381.6,3.24435425,9359.7293
Kraken,btc_eur,9380.8,1601299168.86052,9378.9,0.00615,9380.8,1.89400487,9359.73002
Kraken,eth_eur,313.2,1601299170.867759,313.2,20.0,313.32,2.0,309.36001
Kraken,btc_eur,9379.1,1601299172.790386,9379.1,0.54850843,9380.1,0.25955809,9359.73009
Kraken,btc_eur,9379.2,1601299175.078644,9379.1,0.93169953,9379.2,0.29027079,9359.73019
Kraken,btc_eur,9379.9,1601299178.002098,9379.9,1.17494337,9380.0,0.26844809,9359.73026
Kraken,eth_eur,313.2,1601299181.104828,313.2,39.17092628,313.23,0.72732838,309.36004
Kraken,btc_eur,9375.8,1601299183.14636,9375.8,0.03753651,9379.0,3.85955809,9359.73041
Kraken,eth_eur,313.13,1601299186.646767,313.1,54.36745193,313.13,19.86834373,309.36032
Kraken,btc_eur,9376.7,1601299189.807555,9376.6,2.95927137,9376.7,0.23972177,9359.73052
Kraken,eth_eur,313.12,1601299192.510615,313.1,54.36745193,313.12,13.11977357,309.36094
Kraken,btc_eur,9378.5,1601299195.132583,9378.4,0.5,9378.5,0.6016016,9359.73054
Kraken,btc_eur,9378.5,1601299198.303817,9378.4,0.5,9378.5,0.59017694,9359.73061
Kraken,btc_eur,9378.4,1601299201.251273,9378.4,0.48953119,9378.5,0.59017694,9359.73067
Kraken,btc_eur,9376.6,1601299206.340126,9376.6,1.92060957,9378.5,0.59017694,9359.74208
Kraken,btc_usd,10941.5,1601299208.376034,10941.5,0.14508299,10941.6,4.95948476,10890.65701
Kraken,btc_eur,9377.4,1601299213.553448,9377.3,0.11981136,9377.4,0.98672567,9359.74223
Kraken,btc_eur,9376.7,1601299216.531521,9375.7,0.91428308,9376.7,0.46535631,9359.74242
Kraken,eth_eur,313.1,1601299219.170734,313.1,54.33574689,313.11,131.32718068,309.36095
Kraken,btc_eur,9375.9,1601299221.55303,9375.8,0.05928533,9375.9,0.47574942,9359.74254
Kraken,btc_eur,9372.9,1601299224.354345,9372.8,0.0592887,9372.9,0.20364395,9359.74269
Kraken,eth_eur,313.1,1601299226.872301,313.1,47.64574689,313.11,151.19918068,309.36224
Kraken,btc_eur,9372.9,1601299229.025132,9372.8,0.0592887,9372.9,0.42726122,9359.74284
Kraken,btc_eur,9372.9,1601299230.862308,9372.8,0.0592887,9372.9,1.25408038,9359.74286
Kraken,btc_eur,9372.9,1601299232.584971,9372.8,0.0592887,9372.9,1.21943669,9359.74301
Kraken,btc_eur,9372.9,1601299234.467532,9372.8,2.21605114,9372.9,1.184793,9359.74316
Kraken,btc_eur,9372.9,1601299239.0562,9372.8,3.18886457,9372.9,0.72479971,9359.7433
Kraken,btc_usd,10941.5,1601299241.041625,10941.5,0.09508299,10941.6,7.5020263,10890.65841
Kraken,btc_eur,9372.9,1601299243.142262,9372.8,3.28886457,9372.9,0.69015602,9359.74345
Kraken,btc_eur,9372.9,1601299246.778765,9372.8,3.18886457,9372.9,0.66601072,9359.74355
Kraken,btc_usd,10941.5,1601299248.788783,10941.5,0.04166237,10941.6,9.06402835,10890.65991
Kraken,eth_eur,313.1,1601299253.993579,313.1,46.21309786,313.11,203.09553224,309.36252
Kraken,btc_eur,9372.9,1601299256.656494,9372.8,3.49106457,9372.9,0.6913206,9359.74357
Kraken,btc_eur,9372.8,1601299259.026483,9372.8,3.46255657,9372.9,0.6913206,9359.74369
Kraken,btc_eur,9372.9,1601299261.999358,9372.8,3.46255657,9372.9,0.68660725,9359.74371
Kraken,btc_usd,10941.7,1601299283.146641,10937.3,0.44200916,10941.7,0.14561265,10890.84995
Kraken,btc_usd,10894.9,1601306007.091938,10894.8,0.0308241,10894.9,5.7916982,10891.43024
Kraken,btc_eur,9353.0,1601306007.093157,9352.0,0.4,9353.0,0.49678919,9359.07348
Kraken,eth_usd,364.11,1601306007.093715,364.11,19.93510442,364.18,2.0346257,360.08827
Kraken,eth_eur,312.7,1601306007.094264,312.65,6.0,312.7,3.07564995,309.70663
Kraken,eth_usd,364.17,1601306007.693633,364.17,12.41947787,364.19,2.0593452,360.08827
Kraken,btc_usd,10894.9,1601306008.159794,10894.8,0.72263413,10894.9,5.43616367,10891.43026
Kraken,btc_eur,9354.6,1601306010.463883,9352.5,2.0,9354.6,0.80549999,9359.07101
Kraken,btc_usd,10894.8,1601306014.157748,10894.8,1.29326403,10894.9,4.83915576,10891.43086
Kraken,btc_usd,10894.9,1601306015.764349,10894.8,1.28862413,10894.9,4.76048896,10891.43088
Kraken,btc_eur,9353.5,1601306015.823046,9353.5,0.0017145,9354.7,0.68850921,9359.071
Kraken,btc_eur,9354.7,1601306016.969344,9353.5,0.0017145,9354.7,0.68367119,9359.071
Kraken,btc_eur,9354.7,1601306019.717275,9353.5,0.0017145,9354.7,0.63782387,9359.07094
Kraken,btc_eur,9354.7,1601306020.572924,9353.5,0.0017145,9354.7,0.6134029,9359.07091
Kraken,eth_eur,312.61,1601306023.18156,312.58,31.7699145,312.61,3.18483006,309.70663
Kraken,btc_eur,9354.6,1601306026.323685,9353.9,2.0,9354.6,0.4441867,9359.0709
Kraken,btc_eur,9353.9,1601306029.9718,9353.9,1.784285,9354.6,0.6941867,9359.07057
Kraken,btc_eur,9355.2,1601306031.439568,9354.6,2.68846677,9355.2,0.2993363,9359.07056
Kraken,btc_eur,9355.2,1601306033.359159,9354.6,2.68846677,9355.2,0.2942063,9359.07056
Kraken,btc_eur,9354.9,1601306037.935207,9354.1,0.03593929,9354.9,0.45451774,9359.07055
Kraken,btc_eur,9354.9,1601306038.170116,9354.1,0.03593929,9354.9,0.45080419,9359.07054
Kraken,btc_usd,10896.2,1601306040.700725,10896.1,0.5032108,10896.2,5.65511901,10891.43092
Kraken,eth_eur,312.56,1601306041.150605,312.4,5.95503906,312.58,3.95167778,309.70665
Kraken,eth_usd,363.99,1601306041.168299,363.99,0.7521127,364.16,0.34797331,360.08828
Kraken,eth_usd,363.99,1601306042.354866,363.99,0.71016442,364.07,8.95070673,360.08828
Kraken,btc_eur,9353.6,1601306043.827361,9353.5,0.0017145,9353.6,3.76470891,9359.07051
Kraken,btc_eur,9353.6,1601306044.417659,9353.5,0.0017145,9353.6,3.71102144,9359.07042
Kraken,btc_usd,10896.6,1601306046.844605,10896.1,0.5032108,10896.6,6.38291255,10891.45125
Kraken,eth_eur,312.36,1601306051.166717,312.36,29.95640864,312.39,3.1949,309.70666
Kraken,btc_usd,10896.2,1601306051.392165,10896.1,0.5032108,10896.2,2.15895733,10891.45125
Kraken,btc_eur,9353.6,1601306053.920199,9353.5,0.0017145,9353.6,4.5458168,9359.07025
Kraken,btc_eur,9353.6,1601306054.141125,9353.5,0.0017145,9353.6,4.47350522,9359.07013
Kraken,eth_eur,312.39,1601306057.882798,312.39,5.97202654,312.41,3.1949,309.70666
Kraken,btc_usd,10896.2,1601306060.623385,10896.1,0.50789511,10896.2,4.61841812,10891.45149
Kraken,btc_eur,9353.6,1601306064.444099,9353.5,0.0017145,9353.6,3.80284523,9359.07012
Kraken,eth_eur,312.45,1601306071.084556,312.44,30.0,312.45,3.4149,309.70732
Kraken,btc_eur,9353.5,1601306074.097312,9353.5,0.00033347,9353.6,3.8057001,9359.07012
Kraken,eth_usd,364.17,1601306077.028209,364.07,32.16648447,364.17,20.56798091,360.08829
Kraken,btc_eur,9353.6,1601306079.945259,9353.5,2.42032284,9353.6,0.26993559,9359.0701
Kraken,btc_usd,10896.1,1601306081.240543,10896.1,6.7759196,10896.2,0.06,10891.45374
Kraken,btc_eur,9353.4,1601306083.372265,9353.4,0.27883242,9353.6,0.26993559,9359.06345
Kraken,btc_usd,10896.1,1601306085.416501,10896.1,7.93571062,10896.2,0.06,10891.45384
Kraken,btc_eur,9353.6,1601306086.280595,9353.4,0.27883242,9353.6,0.26732784,9359.06345
Kraken,btc_eur,9353.4,1601306086.649212,9353.4,0.10081242,9353.6,0.26732784,9359.06315
Kraken,btc_usd,10896.2,1601306087.683281,10896.1,7.91068477,10896.2,0.03,10891.45391
Kraken,btc_eur,9353.6,1601306092.463165,9353.5,7.20708589,9358.6,0.5,9359.06272
Kraken,btc_eur,9357.2,1601306093.694742,9357.2,3.67391492,9358.6,0.5,9359.06272
Kraken,eth_eur,312.76,1601306099.087625,312.76,0.72515426,312.77,20.59196041,309.70739
Kraken,btc_eur,9359.0,1601306103.259348,9358.9,2.01796964,9359.0,0.50270931,9359.06272
Kraken,btc_eur,9359.0,1601306105.338596,9358.9,2.01796964,9359.0,0.49172277,9359.06272
Kraken,btc_eur,9358.9,1601306105.592642,9358.9,2.51525757,9359.0,0.49999997,9359.06272
Kraken,btc_eur,9359.0,1601306105.990523,9358.9,2.51525757,9359.0,0.4784316,9359.06272
Kraken,eth_eur,312.85,1601306107.239456,312.76,37.47095965,312.85,13.46596133,309.71422
Kraken,btc_eur,9359.0,1601306108.822496,9358.9,2.51525757,9359.0,0.49481315,9359.06272
Kraken,btc_usd,10896.2,1601306113.010158,10896.1,19.16044329,10896.2,0.02548563,10891.45392
Kraken,eth_eur,312.76,1601306113.92058,312.76,4.03247083,312.84,30.0,309.71434
Kraken,btc_eur,9359.0,1601306114.19411,9358.9,0.5,9359.0,3.56525394,9359.06272
Kraken,btc_eur,9359.0,1601306117.458691,9358.9,2.5,9359.0,1.45722078,9359.06271
Kraken,btc_usd,10896.2,1601306155.867377,10896.1,19.87757249,10896.2,0.01389291,10891.45394
Kraken,btc_eur,9355.5,1601306155.868183,9355.0,1.87056633,9355.5,0.89052532,9359.06269
Kraken,eth_usd,364.17,1601306155.868729,364.07,32.16648447,364.17,20.56798091,360.08829
Kraken,eth_eur,312.39,1601306155.869273,312.39,3.16188084,312.74,137.60333636,309.71635
Kraken,btc_eur,9355.0,1601306157.076317,9355.0,1.70056633,9355.1,1.31843114,9359.06249
Kraken,btc_eur,9355.0,1601306159.419433,9355.0,1.56711652,9355.1,1.31843114,9359.06233
Kraken,btc_usd,10896.1,1601306169.718509,10896.1,10.28425728,10896.2,0.26389291,10891.4544
Kraken,eth_usd,364.16,1601306170.066422,364.15,98.81947655,364.16,2.12079126,360.08829
Kraken,btc_eur,9355.0,1601306171.273426,9355.0,1.56110652,9355.1,2.90907521,9359.06232
Kraken,btc_eur,9355.1,1601306177.42249,9355.0,1.56110652,9355.1,2.8928183,9359.06231
Kraken,btc_usd,10899.1,1601306181.36542,10896.1,12.29491495,10899.1,2.99732274,10891.46587
Kraken,btc_eur,9355.1,1601306182.405228,9355.0,4.96110652,9355.1,0.11526676,9359.0623
Kraken,btc_eur,9356.2,1601306185.644569,9356.2,1.5,9357.6,0.5,9359.06188
Kraken,btc_eur,9357.5,1601306188.27624,9356.2,1.5,9357.5,0.52483834,9359.06184
Kraken,btc_eur,9357.5,1601306193.284443,9357.5,1.9,9358.6,0.165,9359.06179
Kraken,btc_eur,9357.5,1601306193.519459,9357.5,1.83580725,9358.5,0.00587374,9359.06176
Kraken,btc_usd,10902.7,1601306193.764074,10901.9,0.001,10902.8,0.51519156,10891.46853
Kraken,btc_eur,9358.0,1601306197.231792,9358.0,0.09778227,9358.1,0.00587374,9359.06173
Kraken,btc_usd,10902.8,1601306197.999021,10902.2,0.46413711,10902.9,0.2035,10891.46856
Kraken,btc_eur,9358.2,1601306209.121724,9358.0,2.0,9358.2,0.08971209,9359.06173
Kraken,btc_eur,9358.0,1601306209.496017,9358.0,1.9,9358.2,0.09558583,9359.0617
Kraken,btc_usd,10902.4,1601306213.198212,10902.3,3.78094528,10902.4,5.3342736,10891.46865
Kraken,btc_usd,10902.4,1601306214.225758,10902.3,2.96548364,10902.9,0.2035,10891.47781
Kraken,btc_eur,9358.3,1601306214.787453,9358.2,2.53006554,9358.3,0.0191025,9359.0617
Kraken,btc_eur,9359.1,1601306221.801028,9359.0,2.48462753,9359.1,0.51376878,9359.0617
Kraken,btc_eur,9359.1,1601306222.063024,9359.0,2.48462753,9359.1,0.50339378,9359.0617
Kraken,btc_eur,9359.0,1601306224.833366,9359.0,3.04372833,9359.1,0.51910248,9359.0617
Kraken,btc_usd,10902.7,1601306225.785813,10902.3,0.82092665,10902.9,0.2035,10891.49694
Kraken,btc_eur,9359.1,1601306234.686076,9359.0,0.5,9359.1,1.82907637,9359.0617
Kraken,btc_usd,10902.4,1601306244.588328,10902.3,0.133,10902.4,9.85980295,10891.49703
Kraken,eth_eur,312.6,1601306253.305297,312.6,24.5953916,312.64,12.49164951,309.71717
Kraken,eth_eur,312.62,1601306255.542428,312.58,1.04,312.62,5.60164951,309.71724
Kraken,btc_eur,9366.9,1601306258.845585,9356.0,2.0,9366.9,1.4601394,9359.11695
Kraken,btc_usd,10902.4,1601306258.935172,10902.3,0.133,10902.4,1.27886009,10891.49733
Kraken,btc_eur,9361.8,1601306268.574343,9360.4,0.68807519,9361.8,1.97878482,9359.11696
Kraken,btc_eur,9361.8,1601306273.538481,9360.6,2.0,9361.8,0.44439709,9359.11697
Kraken,btc_eur,9361.8,1601306274.187915,9360.6,2.0,9361.8,1.50557662,9359.11817
Kraken,eth_eur,312.63,1601306275.603836,312.62,28.36429665,312.63,10.9949052,309.71725
Kraken,btc_eur,9362.1,1601306283.562821,9362.0,0.26024928,9362.1,1.08713832,9359.11826
Kraken,eth_usd,364.2,1601306287.236074,364.19,100.6162507,364.2,2.86137643,360.08865
Kraken,eth_usd,364.2,1601306288.842785,364.19,95.3662507,364.2,2.80934974,360.08871
Kraken,btc_eur,9362.0,1601306291.650648,9362.0,0.24880318,9362.1,1.48713832,9359.11827
Kraken,btc_eur,9362.0,1601306291.758362,9362.0,0.24780318,9362.1,1.48713832,9359.11827
Kraken,btc_eur,9369.4,1601306297.061673,9362.0,0.24780318,9369.4,1.7692437,9359.22653
Kraken,eth_eur,312.65,1601306297.913392,312.64,4.27459262,312.65,5.71367735,309.71727
Kraken,btc_eur,9364.4,1601306299.011429,9363.1,2.0,9364.4,0.39407423,9359.22654
Kraken,eth_eur,312.68,1601306303.470654,312.67,6.0,312.68,3.98872217,309.7175
Kraken,eth_eur,312.68,1601306304.623092,312.67,1.76929923,312.68,3.35387653,309.71758
Kraken,btc_eur,9363.7,1601306305.117154,9363.5,2.0,9363.7,0.68212517,9359.22654
Kraken,btc_eur,9363.6,1601306308.111041,9363.6,2.54961328,9363.7,1.66625195,9359.22657
Kraken,btc_eur,9363.7,1601306311.25739,9362.0,0.3148639,9363.7,2.54732741,9359.22661
Kraken,btc_eur,9363.1,1601306312.796405,9363.1,0.01379615,9363.7,2.54732741,9359.22662
Kraken,btc_eur,9371.3,1601306316.137253,9363.6,2.0,9371.3,1.97563866,9359.34712
Kraken,btc_usd,10902.9,1601306316.224571,10902.8,9.39001995,10902.9,0.14897451,10891.49763
Kraken,btc_eur,9365.8,1601306318.809853,9363.6,2.65945916,9365.8,1.99629002,9359.34713
Kraken,eth_eur,312.65,1601306321.898363,312.65,1.70719298,312.66,42.63965804,309.71763
Kraken,eth_usd,364.19,1601306326.632793,364.19,51.35448155,364.2,2.80934974,360.08923
Kraken,btc_eur,9362.7,1601306332.25973,9362.6,3.52905,9362.7,0.9490696,9359.34714
Kraken,btc_eur,9362.6,1601306333.248524,9362.6,4.19679762,9362.7,0.9490696,9359.34716
Kraken,btc_usd,10902.8,1601306338.141119,10902.8,11.07357613,10902.9,0.14897451,10891.49763
Kraken,btc_usd,10905.4,1601306338.30735,10902.8,11.07357613,10905.4,3.18163997,10891.51757
Kraken,btc_eur,9362.7,1601306344.489077,9362.6,3.50905,9362.7,0.94549393,9359.34716
Kraken,eth_eur,312.66,1601306344.677415,312.66,2.1403861,312.67,56.86628386,309.71763
Kraken,btc_eur,9362.7,1601306345.127356,9362.6,4.19682247,9362.7,0.9111035,9359.3472
Kraken,btc_usd,10905.4,1601306345.702308,10905.3,3.90847069,10905.4,3.55795334,10891.51773
Kraken,btc_eur,9362.7,1601306346.549271,9362.6,4.19682247,9362.7,0.89652424,9359.34721
Kraken,btc_eur,9365.1,1601306353.048533,9362.6,3.53391772,9365.1,0.38949778,9359.34723
Kraken,btc_eur,9370.5,1601306354.179594,9363.2,1.12486772,9370.5,4.81429937,9359.37285
Kraken,btc_usd,10906.8,1601306354.282665,10906.7,1.22170014,10906.8,4.45184267,10891.51813
Kraken,btc_usd,10906.8,1601306354.719163,10906.7,0.72170014,10906.8,4.40472252,10891.51848
Kraken,btc_eur,9367.3,1601306356.881688,9366.3,0.02486772,9367.3,0.66695762,9359.37289
Kraken,btc_eur,9373.9,1601306365.845562,9369.0,3.74314313,9373.9,0.78522735,9359.40888
Kraken,btc_usd,10908.0,1601306365.966154,10907.9,8.38410466,10908.0,0.04547383,10891.51891
Kraken,btc_eur,9371.2,1601306370.277972,9371.2,0.48704835,9372.0,0.04547094,9359.40906
Kraken,btc_usd,10908.0,1601306372.185251,10907.9,6.88410466,10908.0,0.04282142,10891.51894
Kraken,btc_eur,9374.1,1601306372.756654,9368.8,0.11153,9374.1,1.06705676,9359.44346
Kraken,btc_usd,10908.0,1601306372.819387,10907.9,6.88410466,10909.5,6.35373414,10891.51928
Kraken,btc_eur,9374.1,1601306373.574948,9368.8,0.11153,9374.1,0.82682777,9359.44863
Kraken,btc_usd,10909.3,1601306373.637082,10909.2,0.133,10909.3,0.5154729,10891.51974
Kraken,btc_usd,10909.3,1601306373.696566,10909.2,0.133,10909.3,0.46093942,10891.52021
Kraken,btc_eur,9369.2,1601306376.767202,9369.2,2.0979286,9371.2,0.86200798,9359.44866
Kraken,btc_usd,10909.8,1601306379.946355,10909.2,1.04980117,10909.9,0.59826153,10891.53071
Kraken,eth_eur,312.75,1601306383.205451,312.74,63.5390195,312.75,29.97986011,309.71764
Kraken,btc_usd,10909.9,1601306383.778753,10909.2,1.04980117,10910.0,0.43440339,10891.54616
Kraken,btc_eur,9371.0,1601306386.724056,9370.9,2.6062,9371.0,1.77728516,9359.4489
Kraken,btc_eur,9371.0,1601306386.864185,9370.9,2.6062,9371.0,1.76940989,9359.44892
Kraken,btc_usd,10910.0,1601306391.234379,10909.9,0.001,10910.0,0.20439602,10891.5482
Kraken,btc_usd,10909.7,1601306392.339231,10909.6,0.68744222,10910.0,0.71418761,10891.56828
Kraken,btc_eur,9370.9,1601306393.437582,9370.9,2.53007248,9371.0,1.84978519,9359.44916
Kraken,btc_eur,9371.0,1601306395.443879,9370.9,0.53007248,9371.0,1.97168573,9359.44918
Kraken,eth_eur,312.74,1601306397.611448,312.74,30.64209522,312.75,67.79041205,309.71764
Kraken,btc_eur,9370.9,1601306401.073495,9370.9,2.49990689,9371.0,1.97549783,9359.4495
Kraken,btc_usd,10909.6,1601306401.106647,10909.6,0.54174555,10910.0,0.20439602,10891.60691
Kraken,btc_eur,9370.9,1601306404.613334,9370.9,0.49693689,9371.0,2.66301168,9359.44951
Kraken,btc_eur,9368.5,1601306407.079372,9368.5,0.68449167,9371.0,3.03729907,9359.45158
Kraken,btc_eur,9367.5,1601306409.355916,9367.5,0.092699,9370.8,0.84536601,9359.4516
Kraken,btc_eur,9374.3,1601306409.778432,9367.5,0.092699,9374.3,6.72474445,9359.4876
Kraken,btc_eur,9367.7,1601306413.087075,9367.7,0.376676,9368.7,0.68778242,9359.48765
Kraken,btc_eur,9367.7,1601306416.653121,9367.7,0.37563555,9368.6,0.05896609,9359.48766
Kraken,btc_usd,10909.8,1601306418.083363,10909.8,0.21255909,10909.9,6.54311518,10891.60942
Kraken,btc_eur,9362.9,1601306419.254822,9362.9,1.999,9364.9,1.04811,9359.48766
Kraken,btc_eur,9362.9,1601306420.280798,9362.9,1.38978,9364.5,0.5030432,9359.48824
Kraken,btc_eur,9364.4,1601306422.44474,9362.9,1.38978,9364.4,0.01633112,9359.48825
Kraken,btc_usd,10909.8,1601306428.777302,10909.8,0.00055909,10909.9,10.63100686,10891.61127
Kraken,btc_usd,10908.1,1601306432.585108,10908.0,0.09167583,10908.1,15.8691236,10891.6113
Kraken,btc_eur,9364.1,1601306437.654396,9362.9,0.4,9364.1,0.4727458,9359.48829
Kraken,btc_eur,9362.9,1601306437.832936,9362.9,0.30449153,9364.1,0.5,9359.48838
Kraken,btc_usd,10908.0,1601306437.970263,10908.0,0.08419964,10908.1,14.87408027,10891.61167
Kraken,eth_usd,364.03,1601306443.682685,363.99,5.70656332,364.03,1.52877369,360.08929
Kraken,btc_usd,10908.0,1601306443.762202,10908.0,0.08084357,10908.1,14.75291208,10891.6117
Kraken,eth_usd,364.08,1601306444.982917,364.01,0.30156332,364.08,17.85404014,360.08964
Kraken,btc_eur,9364.1,1601306445.163469,9363.4,0.4,9364.1,0.29715,9359.48864
Kraken,eth_usd,364.07,1601306446.024077,364.01,12.43765036,364.07,27.24616529,360.08999
Kraken,eth_usd,364.07,1601306447.889426,364.01,12.43765036,364.07,26.47233058,360.09034
Kraken,eth_usd,364.07,1601306449.265598,364.03,12.43765036,364.07,23.71849587,360.09069
Kraken,btc_eur,9367.5,1601306449.692633,9364.0,2.5,9367.5,0.00679387,9359.50028
Kraken,eth_usd,364.1,1601306450.461821,364.03,12.43765036,364.1,47.24616529,360.09105
Kraken,eth_usd,364.09,1601306452.14857,364.05,12.43765036,364.09,17.8528058,360.0914
Kraken,eth_eur,312.58,1601306455.247982,312.57,2.13653,312.58,21.7,309.71891
Kraken,btc_eur,9366.4,1601306455.648571,9364.5,2.0,9366.4,0.67760391,9359.5003
Kraken,btc_usd,10908.1,1601306457.186599,10908.0,0.78425267,10908.1,11.6066043,10891.61173
Kraken,eth_usd,363.96,1601306458.858574,363.96,6.28276473,363.98,0.34797331,360.09148
Kraken,btc_usd,10908.1,1601306461.766488,10908.0,0.78425267,10908.1,6.95487117,10891.61185
Kraken,btc_eur,9365.1,1601306463.053258,9364.8,0.03593929,9365.1,0.64000933,9359.50038
Kraken,eth_eur,312.5,1601306463.724171,312.49,3.96974513,312.5,3.91098194,309.71899
Kraken,btc_eur,9365.4,1601306464.514174,9365.0,0.03593929,9365.4,0.55894172,9359.50059
Kraken,eth_usd,363.97,1601306464.944632,363.95,20.61002614,363.97,0.20010874,360.09171
Kraken,btc_eur,9365.4,1601306464.960101,9365.0,0.03593929,9365.4,0.53569636,9359.50063
Kraken,eth_eur,312.5,1601306465.545842,312.5,9.88223299,312.51,4.57055194,309.719
Kraken,btc_eur,9365.4,1601306470.42027,9364.9,0.2,9365.4,0.32169636,9359.50098
Kraken,btc_eur,9365.4,1601306470.730033,9365.0,0.03593929,9365.4,0.26074768,9359.50108
Kraken,btc_eur,9366.2,1601306472.652225,9365.4,2.0,9366.2,0.15476438,9359.5025
Kraken,btc_eur,9366.2,1601306475.564477,9365.8,0.03593929,9366.2,0.14459738,9359.50251
Kraken,btc_eur,9366.8,1601306476.770916,9366.0,0.03593929,9366.8,0.84043652,9359.50584
Kraken,eth_eur,312.75,1601306478.289288,312.74,23.25716796,312.75,27.11131338,309.71938
Kraken,btc_usd,10908.1,1601306483.931018,10908.0,0.78425267,10908.1,17.91704111,10891.61264
Kraken,btc_eur,9366.1,1601306495.799143,9366.0,3.94922573,9366.1,0.9145865,9359.506
Kraken,btc_usd,10908.1,1601306496.664975,10908.0,1.4722659,10908.1,15.29923182,10891.61272
Kraken,btc_usd,10908.1,1601306505.331394,10908.0,1.98252177,10908.1,0.92187118,10891.61284
Kraken,btc_eur,9372.3,1601306507.103701,9371.8,2.03593929,9372.3,0.97864845,9359.50608
Kraken,btc_eur,9372.3,1601306507.113771,9371.8,0.03593929,9372.3,0.97553084,9359.50609
Kraken,btc_eur,9372.1,1601306513.484534,9372.0,3.22358468,9372.1,0.44340651,9359.50628
Kraken,btc_usd,10908.4,1601306514.966441,10908.4,0.39033058,10910.0,0.20439602,10891.61292
Kraken,btc_eur,9372.0,1601306517.016267,9372.0,1.15584228,9372.1,0.44340651,9359.50652
Kraken,eth_usd,364.19,1601306517.042513,364.19,44.13061541,364.2,5.67336309,360.09878
Kraken,eth_eur,312.75,1601306517.681972,312.74,26.38665413,312.75,134.01426068,309.71939
Kraken,btc_eur,9369.9,1601306524.688483,9369.1,2.68789185,9369.9,0.98296729,9359.50657
Kraken,btc_usd,10910.0,1601306525.853492,10909.9,0.7434091,10910.0,8.57310718,10891.61304
Kraken,btc_eur,9370.6,1601306531.030818,9370.6,1.99644,9370.7,1.0,9359.50658
Kraken,btc_eur,9370.1,1601306533.357306,9368.5,0.33,9370.1,0.996,9359.50659
Kraken,eth_eur,312.75,1601306537.973387,312.74,0.45082,312.75,140.58951648,309.71944
Kraken,btc_eur,9369.3,1601306541.301104,9369.0,2.0,9370.8,0.01796964,9359.50664
Kraken,btc_eur,9370.0,1601306542.211853,9370.0,1.91200496,9370.8,0.01796964,9359.50685
Kraken,btc_eur,9370.0,1601306545.576839,9370.0,1.80584196,9370.1,2.43970245,9359.50716
Kraken,btc_usd,10909.9,1601306546.88311,10909.9,0.45596819,10910.0,14.80293886,10891.61556
Kraken,btc_eur,9370.0,1601306548.679018,9370.0,1.75584196,9370.1,3.77580592,9359.50731
Kraken,eth_eur,312.75,1601306549.312866,312.74,0.45082,312.75,173.29917083,309.71947
Kraken,btc_eur,9370.0,1601306551.126698,9370.0,1.7198311,9370.1,3.75898482,9359.50742
Kraken,btc_eur,9370.1,1601306555.232197,9370.0,2.99373402,9370.1,0.4948132,9359.50748
Kraken,btc_eur,9370.1,1601306555.782234,9370.0,2.99373402,9370.1,0.47171777,9359.50755
Kraken,btc_eur,9370.1,1601306556.374716,9370.0,2.99373402,9370.1,0.448661,9359.50762
Kraken,btc_eur,9370.7,1601306556.665562,9370.0,2.99373402,9370.7,0.60700534,9359.50919
Kraken,btc_eur,9370.7,1601306556.72706,9370.0,2.99373402,9370.7,0.58787032,9359.50925
Kraken,btc_eur,9371.2,1601306557.20412,9370.0,2.6198311,9371.2,0.9762618,9359.50933
Kraken,btc_eur,9371.3,1601306557.673172,9370.0,2.6198311,9371.3,0.68063758,9359.5094
Kraken,btc_eur,9371.3,1601306558.124837,9370.0,2.6198311,9371.3,0.65815169,9359.50948
Kraken,btc_eur,9371.8,1601306558.579288,9370.4,0.895,9371.8,0.68294876,9359.50949
Kraken,btc_eur,9371.8,1601306559.04943,9370.9,2.0,9371.8,0.66020732,9359.50957
Kraken,btc_eur,9371.8,1601306559.536736,9370.9,2.0,9371.8,0.63707467,9359.50965
Kraken,btc_eur,9371.7,1601306559.993804,9370.9,2.0,9371.7,0.24868522,9359.50966
Kraken,btc_eur,9371.7,1601306560.484484,9370.9,2.0,9371.7,0.22289713,9359.50975
Kraken,btc_eur,9371.7,1601306560.645312,9370.9,2.0,9371.7,0.22077859,9359.50976
Kraken,btc_eur,9371.1,1601306561.478751,9370.9,2.0,9371.1,1.97683243,9359.50983
Kraken,btc_eur,9371.1,1601306562.602605,9370.9,2.0,9371.1,1.96432243,9359.50987
Kraken,btc_eur,9370.9,1601306562.767835,9370.9,1.949047,9371.1,1.96432243,9359.51003
Kraken,btc_eur,9371.1,1601306562.82472,9370.9,1.949047,9371.1,1.93836728,9359.51012
Kraken,btc_eur,9371.1,1601306563.262419,9371.0,0.865,9371.1,1.91932839,9359.51018
Kraken,btc_eur,9371.1,1601306563.56651,9371.0,2.865,9371.1,1.90782839,9359.51022
Kraken,btc_eur,9371.1,1601306564.459591,9371.0,2.865,9371.1,1.8833013,9359.51029
Kraken,btc_eur,9371.1,1601306565.072894,9371.0,2.865,9371.1,1.85905767,9359.51037
Kraken,btc_eur,9370.7,1601306570.985621,9370.0,1.7198311,9370.7,0.00580728,9359.51038
Kraken,btc_usd,10910.0,1601306572.03742,10909.9,0.41596819,10910.0,9.38108384,10891.61559
Kraken,btc_eur,9371.1,1601306572.695459,9370.0,1.7198311,9371.1,2.98169999,9359.51046
Kraken,btc_eur,9370.3,1601306573.503805,9370.0,1.7198311,9370.3,0.68796785,9359.51049
Kraken,btc_eur,9372.2,1601306574.196216,9370.2,2.0,9372.2,4.99631906,9359.5105
Kraken,btc_eur,9372.0,1601306574.647135,9370.2,2.0,9372.0,0.97999311,9359.51057
Kraken,btc_eur,9372.0,1601306575.108201,9370.2,2.0,9372.0,0.94985427,9359.51067
Kraken,btc_eur,9371.6,1601306575.632569,9371.2,2.0,9371.6,1.97760046,9359.51075
Kraken,btc_eur,9371.6,1601306576.058112,9371.2,2.0,9371.6,1.95886238,9359.51081
Kraken,eth_eur,312.75,1601306576.423557,312.74,2.5121,312.75,136.01293151,309.71948
Kraken,btc_eur,9371.6,1601306576.606724,9371.2,2.0,9371.6,1.9347577,9359.51089
Kraken,btc_eur,9371.6,1601306577.203635,9371.2,2.0,9371.6,1.93123227,9359.51091
Kraken,btc_eur,9371.6,1601306577.704156,9371.2,2.0,9371.6,1.90740119,9359.51099
Kraken,btc_eur,9371.6,1601306578.140816,9371.2,2.0,9371.6,1.88324021,9359.51107
Kraken,btc_eur,9371.6,1601306578.736486,9371.2,2.0,9371.6,1.87582521,9359.51109
Kraken,btc_eur,9371.6,1601306579.162123,9370.0,1.7198311,9371.6,3.85650446,9359.51116
Kraken,btc_eur,9371.6,1601306579.648607,9370.0,1.7198311,9371.6,3.83502877,9359.51123
Kraken,btc_eur,9371.6,1601306580.084287,9370.0,1.7198311,9371.6,8.81277178,9359.5113
Kraken,btc_eur,9371.6,1601306580.571801,9370.0,1.7198311,9371.6,8.80909703,9359.51132
Kraken,btc_eur,9371.5,1601306581.016215,9370.2,0.4,9371.5,0.97627104,9359.51139
Kraken,btc_eur,9370.2,1601306581.440261,9370.2,0.315062,9370.8,0.68799656,9359.51165
Kraken,btc_eur,9370.8,1601306581.463144,9370.2,0.315062,9370.8,0.66468464,9359.51172
Kraken,btc_eur,9370.8,1601306581.986266,9370.2,0.315062,9370.8,0.64332594,9359.51179
Kraken,btc_eur,9370.7,1601306582.411635,9370.2,0.315062,9370.7,0.24780134,9359.51179
Kraken,btc_eur,9370.7,1601306582.442702,9370.2,0.315062,9370.7,0.24425832,9359.51181
Kraken,btc_eur,9370.8,1601306583.459835,9370.2,0.315062,9370.8,0.61691795,9359.51189
Kraken,btc_eur,9370.8,1601306584.067265,9370.2,0.315062,9370.8,0.59322244,9359.51196
Kraken,btc_eur,9370.8,1601306584.089699,9370.2,0.315062,9370.8,0.58534297,9359.51199
Kraken,btc_eur,9370.8,1601306585.090301,9370.2,0.315062,9370.8,0.56159928,9359.51206
Kraken,btc_eur,9370.8,1601306585.642793,9370.2,0.315062,9370.8,0.53843604,9359.51213
Kraken,btc_eur,9370.3,1601306586.240597,9370.2,0.68129697,9370.3,1.97505924,9359.51221
Kraken,btc_eur,9370.3,1601306587.120111,9370.2,0.815062,9370.3,2.64450781,9359.51226
Kraken,btc_eur,9370.3,1601306587.734094,9370.2,0.815062,9370.3,2.62169756,9359.51233
Kraken,btc_eur,9370.3,1601306588.532518,9370.2,0.815062,9370.3,2.60168394,9359.51239
Kraken,btc_eur,9370.3,1601306589.045757,9370.2,0.93,9370.3,2.5729002,9359.51248
Kraken,btc_eur,9370.3,1601306589.519887,9370.2,0.5,9370.3,2.56669655,9359.5125
Kraken,btc_eur,9370.3,1601306590.011681,9370.2,0.5,9370.3,7.54462347,9359.51256
Kraken,btc_eur,9370.2,1601306590.012392,9370.2,0.48200128,9370.3,7.54462347,9359.51262
Kraken,btc_eur,9370.3,1601306590.732402,9370.2,3.15700128,9370.3,6.85333879,9359.51263
Kraken,btc_eur,9370.3,1601306591.37543,9370.2,3.15700128,9370.3,6.82926846,9359.5127
Kraken,btc_eur,9370.3,1601306591.741779,9370.2,3.15700128,9370.3,6.79475034,9359.5128
Kraken,btc_eur,9370.3,1601306591.949352,9370.2,3.15700128,9370.3,6.78781643,9359.51282
Kraken,btc_eur,9370.3,1601306592.484898,9370.2,3.84479159,9370.3,6.76582602,9359.51289
Kraken,btc_usd,10909.9,1601306593.580711,10909.9,0.0985985,10910.0,8.90461857,10891.62442
Kraken,btc_eur,9370.3,1601306593.609311,9370.2,3.15700128,9370.3,6.74498691,9359.51295
Kraken,btc_eur,9370.3,1601306594.068731,9370.2,3.15700128,9370.3,7.22293937,9359.51302
Kraken,btc_eur,9370.3,1601306594.718652,9370.2,3.15700128,9370.3,7.18662533,9359.51313
Kraken,btc_eur,9370.3,1601306595.232134,9370.2,3.15700128,9370.3,7.16467563,9359.51319
Kraken,btc_eur,9370.3,1601306595.585183,9370.2,3.15700128,9370.3,7.14181203,9359.51326
Kraken,btc_eur,9370.3,1601306596.052243,9370.2,3.15700128,9370.3,7.11887194,9359.51333
Kraken,btc_eur,9370.3,1601306596.541925,9370.2,3.15700128,9370.3,7.09758891,9359.51339
Kraken,btc_eur,9370.3,1601306596.691046,9370.2,3.15700128,9370.3,6.89039391,9359.51402
Kraken,btc_eur,9370.3,1601306597.011247,9370.2,3.15700128,9370.3,6.86712294,9359.51409
Kraken,eth_eur,312.75,1601306597.089189,312.74,5.94128,312.75,128.14874558,309.71961
Kraken,btc_eur,9370.3,1601306597.514208,9370.2,3.15700128,9370.3,6.86112604,9359.5141
Kraken,btc_usd,10908.9,1601306597.949377,10908.9,0.64887548,10910.0,9.12354857,10891.62475
Kraken,btc_eur,9370.3,1601306598.490193,9370.2,2.75700128,9370.3,6.83625058,9359.51418
Kraken,btc_eur,9370.3,1601306598.982628,9370.2,2.75700128,9370.3,6.81522401,9359.51424
Kraken,btc_eur,9370.2,1601306601.332504,9370.2,0.47430258,9370.3,7.95532933,9359.51426
Kraken,btc_usd,10908.1,1601306601.684411,10908.0,0.04084357,10908.1,3.9735767,10891.62633
Kraken,btc_eur,9370.3,1601306602.547004,9370.2,0.47430258,9370.3,8.12533683,9359.5145
Kraken,btc_eur,9370.3,1601306602.684232,9370.2,0.47430258,9370.3,8.10470646,9359.51457
Kraken,btc_eur,9370.3,1601306603.638542,9370.2,0.47430258,9370.3,10.10144654,9359.51458
Kraken,btc_eur,9370.3,1601306604.26971,9370.2,0.47430258,9370.3,10.39134869,9359.51464
Kraken,btc_eur,9370.3,1601306604.801468,9370.2,0.47430258,9370.3,10.36783309,9359.51472
Kraken,eth_eur,312.74,1601306604.961827,312.73,2.35557,312.74,47.52199484,309.71982
Kraken,btc_eur,9370.3,1601306605.459099,9370.2,0.47430258,9370.3,8.33814601,9359.5148
Kraken,btc_eur,9370.3,1601306605.93673,9370.2,0.47430258,9370.3,8.31563075,9359.51487
Kraken,btc_eur,9370.3,1601306606.373964,9370.2,0.47430258,9370.3,8.28757857,9359.51496
Kraken,btc_eur,9370.3,1601306606.809202,9370.2,0.47430258,9370.3,8.25553541,9359.51505
Kraken,btc_eur,9370.3,1601306607.282448,9370.2,0.47430258,9370.3,8.2505204,9359.51507
Kraken,btc_eur,9370.3,1601306607.921625,9370.2,0.47430258,9370.3,8.28339287,9359.51513
Kraken,btc_eur,9370.3,1601306608.428388,9370.2,0.47430258,9370.3,8.26163735,9359.5152
Kraken,eth_eur,312.71,1601306608.703756,312.7,2.29132,312.72,54.84610001,309.72012
Kraken,btc_eur,9370.3,1601306608.859181,9370.2,0.47430258,9370.3,8.23421594,9359.51528
Kraken,btc_eur,9370.3,1601306610.864727,9370.2,0.47430258,9370.3,8.20746395,9359.51536
Kraken,btc_usd,10908.1,1601306611.244441,10908.0,0.04084357,10908.1,10.72844087,10891.62634
Kraken,btc_eur,9370.3,1601306611.731431,9370.2,0.47430258,9370.3,8.18698916,9359.51542
Kraken,btc_usd,10908.1,1601306613.272237,10908.0,0.04084357,10908.1,10.68315428,10891.62635
Kraken,btc_eur,9370.3,1601306615.254121,9370.2,0.47430258,9370.3,10.18301044,9359.51543
Kraken,btc_eur,9370.3,1601306620.027979,9370.2,0.47430258,9370.3,8.12366156,9359.51545
Kraken,btc_eur,9370.0,1601306626.322257,9370.0,1.71688856,9370.1,3.20982516,9359.51546
Kraken,btc_eur,9370.1,1601306629.270668,9370.0,1.71688856,9370.1,8.12036828,9359.51572
Kraken,eth_eur,312.69,1601306629.978216,312.68,3.79555175,312.69,3.94076694,309.72016
Kraken,btc_usd,10899.9,1601306634.168826,10899.9,0.6867354,10908.1,19.28120616,10891.63909
Kraken,eth_usd,364.01,1601306634.863356,364.0,39.41600062,364.01,44.65341525,360.09879
Kraken,btc_usd,10900.7,1601306636.100407,10900.6,5.0,10903.2,0.00676351,10891.6423
Kraken,btc_eur,9370.0,1601306640.055703,9370.0,2.87636157,9370.1,16.79123651,9359.51572
Kraken,eth_usd,364.01,1601306642.87969,364.0,194.63555783,364.01,43.2419403,360.09897
Kraken,eth_usd,364.01,1601306643.016783,364.0,211.1006263,364.19,5.90713242,360.10436
Kraken,btc_eur,9370.1,1601306644.188155,9370.0,3.76636157,9370.1,16.15967401,9359.51573
Kraken,btc_eur,9370.1,1601306648.17605,9370.0,6.26505316,9370.1,9.79376675,9359.51604
Kraken,btc_usd,10905.1,1601306649.4983,10905.1,0.36459334,10906.6,2.90776525,10891.64623
Kraken,eth_eur,312.7,1601306651.614901,312.69,112.85613668,312.7,64.11560993,309.721
Kraken,btc_eur,9370.0,1601306653.504641,9370.0,5.82563519,9370.1,9.79376675,9359.51605
Kraken,eth_eur,312.7,1601306658.766889,312.69,103.84891473,312.7,63.74497953,309.72105
Kraken,eth_eur,312.7,1601306659.216457,312.69,126.06891473,312.7,63.68937717,309.72105
Kraken,eth_usd,364.2,1601306660.262462,364.19,185.58794296,364.2,1.2227652,360.10441
Kraken,eth_eur,312.69,1601306667.120225,312.69,177.92463884,312.7,63.68937717,309.72109
Kraken,eth_eur,312.7,1601306670.984632,312.69,161.92463884,312.7,63.46551717,309.72112
Kraken,btc_eur,9370.1,1601306673.286491,9370.0,3.82563519,9370.1,7.10189284,9359.52212
Kraken,btc_eur,9370.0,1601306674.030159,9370.0,3.82072519,9370.1,7.10189284,9359.52214
Kraken,btc_eur,9370.1,1601306677.270779,9370.0,3.85666448,9370.1,7.11911137,9359.52226
Kraken,eth_eur,312.7,1601306678.005325,312.69,160.43018787,312.7,63.03551717,309.72118
Kraken,btc_eur,9370.1,1601306681.945197,9370.0,5.85666448,9370.1,7.06911137,9359.52241
Kraken,eth_usd,364.2,1601306682.269045,364.19,194.81349294,364.4,0.0307563,360.10457
Kraken,eth_eur,312.7,1601306682.512728,312.69,169.43740982,312.7,8.55311717,309.72832
Kraken,btc_usd,10906.4,1601306686.523473,10906.4,0.46,10906.5,0.128,10891.64652
Kraken,btc_eur,9370.1,1601306687.65531,9370.0,5.85666448,9370.1,7.03698937,9359.5225
Kraken,eth_eur,312.69,1601306687.774575,312.69,184.77531664,312.7,8.55311717,309.72845
Kraken,eth_eur,312.7,1601306689.735081,312.69,201.7180144,312.75,25.40459522,309.72957
Kraken,btc_usd,10906.5,1601306690.3279,10906.4,0.46,10906.5,0.09301789,10891.64676
Kraken,eth_usd,364.41,1601306691.711194,364.39,202.46296271,364.41,0.0093568,360.1055
Kraken,eth_usd,364.4,1601306691.849473,364.4,89.11608704,364.41,0.0093568,360.1055
Kraken,eth_eur,312.75,1601306692.787517,312.74,133.05420166,312.75,11.69441394,309.73139
Kraken,eth_eur,312.75,1601306692.92295,312.74,134.75420166,312.86,0.18,309.73294
Kraken,eth_usd,364.5,1601306698.043555,364.4,164.11143286,364.5,0.0093568,360.10616
Kraken,btc_usd,10906.5,1601306700.704074,10906.4,3.71976527,10906.5,0.09058537,10891.64678
Kraken,eth_eur,312.9,1601306701.119699,312.85,232.26756337,312.95,99.23170189,309.73311
Kraken,btc_eur,9370.1,1601306701.551953,9370.0,6.25666448,9370.1,7.02242116,9359.52254
Kraken,btc_eur,9370.1,1601306701.752093,9370.0,6.25666448,9370.1,7.01737016,9359.52256
Kraken,btc_usd,10906.5,1601306704.572139,10906.4,0.46,10906.5,0.79734888,10891.64749
Kraken,btc_eur,9370.1,1601306705.099799,9370.0,2.86797289,9370.1,7.39180424,9359.52266
Kraken,eth_usd,364.5,1601306715.443658,364.49,205.53862957,364.5,0.0093568,360.10633
Kraken,eth_usd,364.5,1601306715.732785,364.49,222.73862957,364.83,0.0658545,360.10633
Kraken,eth_usd,364.82,1601306716.662463,364.82,117.665,364.83,0.0658545,360.10685
Kraken,eth_eur,312.95,1601306717.005069,312.94,245.70520121,312.95,97.42616985,309.73336
Kraken,eth_eur,312.95,1601306719.317641,312.94,264.71242316,312.95,137.69594727,309.73338
Kraken,eth_eur,312.95,1601306719.412041,312.94,264.71242316,312.95,137.63564722,309.73339
Kraken,btc_eur,9370.0,1601306720.373351,9370.0,2.93797289,9370.1,14.32819885,9359.52295
Kraken,eth_usd,364.83,1601306730.325522,364.82,221.31363017,364.83,0.2858545,360.10701
Kraken,eth_eur,312.95,1601306731.212154,312.94,259.81597885,312.95,136.3325626,309.73358
Kraken,eth_usd,364.82,1601306731.365264,364.82,220.01054555,364.83,0.2858545,360.1072
Kraken,eth_eur,312.95,1601306732.604445,312.94,268.8232008,312.95,133.84215884,309.73393
Kraken,btc_eur,9370.1,1601306733.38661,9370.0,2.76797289,9370.1,19.06445855,9359.52319
Kraken,eth_eur,312.95,1601306733.882753,312.94,268.8232008,312.95,123.84215884,309.73534
Kraken,btc_eur,9370.0,1601306734.050088,9370.0,3.17320509,9370.1,19.06445855,9359.52321
Kraken,eth_usd,364.91,1601306734.123414,364.91,2.496277,364.97,1.79845599,360.10873
Kraken,eth_eur,312.95,1601306734.171925,312.94,269.18339076,312.95,117.86516571,309.73618
Kraken,eth_usd,364.93,1601306734.348494,364.93,24.02300687,364.97,1.79845599,360.10965
Kraken,eth_eur,312.95,1601306736.603224,312.94,270.84951026,312.95,116.67375927,309.73635
Kraken,eth_usd,364.94,1601306736.77109,364.94,19.65480585,364.95,31.79845599,360.10983
Kraken,eth_eur,312.95,1601306739.476561,312.94,261.84228831,312.95,115.61041026,309.7365
Kraken,eth_usd,364.94,1601306739.661447,364.94,52.73918434,364.96,1.79845599,360.11
Kraken,btc_usd,10906.4,1601306740.652076,10906.4,0.435,10906.5,5.96903313,10891.64767
Kraken,eth_eur,312.95,1601306741.856402,312.94,246.84228831,312.95,114.76120272,309.73662
Kraken,eth_eur,312.95,1601306742.521566,312.94,246.84228831,312.95,104.76120272,309.73803
Kraken,eth_usd,364.94,1601306742.681642,364.94,85.23918434,364.95,1.2,360.11153
Kraken,eth_eur,312.95,1601306742.73846,312.94,246.84228831,312.95,103.7565915,309.73817
Kraken,eth_usd,364.94,1601306742.986492,364.94,84.23457312,364.95,1.2,360.11169
Kraken,eth_eur,312.95,1601306748.64742,312.94,250.84228831,312.95,102.0808283,309.73841
Kraken,eth_eur,312.95,1601306749.616506,312.94,250.84228831,312.95,98.94390455,309.73885
Kraken,btc_eur,9370.1,1601306750.341582,9370.0,2.75820509,9370.1,19.79083548,9359.52381
Kraken,btc_eur,9370.0,1601306757.739482,9370.0,2.66281713,9370.1,20.09783548,9359.52409
Kraken,eth_eur,312.95,1601306757.744255,312.94,235.84228831,312.95,96.08790455,309.73925
Kraken,eth_eur,312.95,1601306758.093429,312.94,235.84228831,312.95,86.08790455,309.74066
Kraken,btc_eur,9370.0,1601306758.411854,9370.0,2.61493106,9370.1,19.81105855,9359.52423
Kraken,eth_eur,312.95,1601306758.712537,312.94,235.84228831,312.95,84.65735809,309.74086
Kraken,btc_eur,9370.0,1601306759.319145,9370.0,2.47127284,9370.1,20.09785527,9359.52465
Kraken,btc_eur,9370.0,1601306759.491676,9370.0,2.42338677,9370.1,20.09785527,9359.52479
Kraken,btc_eur,9370.0,1601306759.545268,9370.0,2.35323166,9370.1,20.09785527,9359.52499
Kraken,eth_eur,312.95,1601306759.566991,312.94,250.84228831,312.95,83.22681163,309.74106
Kraken,btc_usd,10906.4,1601306759.836776,10905.8,0.68798811,10906.5,8.76752161,10891.65074
Kraken,btc_eur,9370.0,1601306759.988223,9370.0,1.88262018,9370.1,20.09785527,9359.52636
Kraken,eth_eur,312.95,1601306760.061219,312.94,250.84228831,312.95,82.93356545,309.7411
Kraken,btc_eur,9370.0,1601306760.433729,9370.0,1.57000295,9370.1,20.59785527,9359.52727
Kraken,eth_eur,312.95,1601306760.566,312.94,225.84228831,312.95,78.64192608,309.74171
Kraken,btc_eur,9370.0,1601306760.817746,9365.3,0.1084,9370.1,20.99785527,9359.53183
Kraken,btc_eur,9364.7,1601306761.216532,9364.7,0.26664732,9370.0,0.02999705,9359.53204
Kraken,btc_eur,9364.7,1601306761.587825,9364.7,0.24394231,9369.3,1.0,9359.53207
Kraken,btc_eur,9363.8,1601306762.217149,9363.8,0.0135177,9363.9,0.50458314,9359.53212
Kraken,btc_eur,9363.9,1601306762.83776,9363.8,0.0135177,9363.9,1.59414906,9359.53212
Kraken,btc_eur,9359.3,1601306762.895224,9359.3,0.77504332,9363.9,1.59414906,9359.53214
Kraken,btc_eur,9359.7,1601306763.439981,9359.7,1.95718499,9361.8,0.68824704,9359.53214
Kraken,btc_eur,9361.6,1601306763.921453,9361.6,2.3656174,9361.7,1.035,9359.53222
Kraken,btc_eur,9361.7,1601306764.326297,9361.6,2.5,9361.7,1.01760633,9359.53223
Kraken,btc_eur,9361.6,1601306764.538727,9361.6,2.43959846,9361.7,1.01760633,9359.53227
Kraken,btc_eur,9361.6,1601306765.161635,9361.6,2.44650753,9361.7,1.01760633,9359.5323
Kraken,btc_eur,9361.6,1601306765.69203,9361.6,0.50958852,9361.7,1.01760633,9359.53234
Kraken,btc_eur,9361.6,1601306766.164442,9361.6,0.39733746,9361.7,1.01760633,9359.53245
Kraken,btc_eur,9361.7,1601306766.245793,9361.6,0.39733746,9361.7,0.9858143,9359.53246
Kraken,btc_eur,9361.6,1601306766.819618,9361.6,0.33400484,9361.7,1.67406134,9359.5325
Kraken,btc_eur,9361.6,1601306767.319532,9361.6,0.30032495,9361.7,1.67406134,9359.53252
Kraken,btc_eur,9361.6,1601306767.784381,9361.6,0.1880974,9361.7,1.67406134,9359.53258
Kraken,btc_eur,9361.6,1601306768.436317,9361.6,0.07209273,9361.7,1.67406134,9359.53265
Kraken,btc_eur,9359.5,1601306769.017606,9359.5,0.06076338,9361.7,1.67406134,9359.53269
Kraken,btc_eur,9361.4,1601306776.511186,9361.4,0.48587642,9361.5,1.67404985,9359.53269
Kraken,eth_eur,312.95,1601306777.693029,312.84,6.0,312.95,122.58269302,309.74241
Kraken,btc_usd,10899.2,1601306783.624795,10898.7,0.4,10899.2,0.7442861,10891.6508
Kraken,btc_eur,9360.7,1601306784.908513,9360.7,0.3714203,9360.8,1.82440819,9359.5327
Kraken,btc_eur,9360.8,1601306787.978395,9360.7,0.7714203,9360.8,1.96988419,9359.5327
Kraken,eth_usd,364.59,1601306788.619858,364.58,35.89264077,364.59,0.20399823,360.11173
Kraken,btc_usd,10899.1,1601306788.835989,10899.0,0.504524,10899.1,0.66514031,10891.65095
Kraken,btc_eur,9360.8,1601306791.561206,9360.7,0.7714203,9360.8,1.80385581,9359.53271
Kraken,eth_usd,364.58,1601306794.123394,364.51,6.97,364.59,27.08544714,360.11179
Kraken,eth_eur,312.9,1601306795.250103,312.9,42.96928576,312.91,44.49699273,309.74243
Kraken,btc_eur,9360.7,1601306801.3552,9360.7,0.41923221,9360.8,2.17416955,9359.53271
Kraken,eth_usd,364.52,1601306802.412858,364.52,28.975,364.63,18.24254346,360.11193
Kraken,btc_eur,9360.8,1601306806.895405,9360.7,2.5,9360.8,2.07800955,9359.53274
Kraken,btc_eur,9358.5,1601306814.583975,9358.5,0.8775904,9360.8,1.67416955,9359.53341
Kraken,btc_eur,9360.8,1601306814.970252,9358.5,0.8775904,9360.8,1.66621711,9359.53342
Kraken,btc_usd,10899.5,1601306821.187648,10899.4,1.31747883,10899.5,0.65202076,10891.65225
Kraken,eth_eur,312.87,1601306826.629131,312.8,1.77100653,312.87,33.94529846,309.74245
Kraken,btc_eur,9358.1,1601306828.164435,9356.9,0.001,9358.1,3.42434603,9359.53332
Kraken,eth_eur,312.78,1601306831.713538,312.77,33.77120775,312.78,15.5,309.74251
Kraken,eth_eur,312.77,1601306832.46177,312.77,39.27940706,312.78,19.5180327,309.74258
Kraken,btc_eur,9357.0,1601306837.126352,9356.6,0.49,9357.0,1.11921784,9359.53328
Kraken,btc_eur,9356.7,1601306837.512366,9356.6,0.49,9356.7,0.497074,9359.53328
Kraken,eth_eur,312.78,1601306840.008538,312.77,1.50819931,312.78,89.84494591,309.74259
Kraken,btc_eur,9356.1,1601306846.508908,9356.0,0.05139153,9356.1,0.40779406,9359.53326
Kraken,btc_eur,9356.1,1601306852.580735,9356.0,4.03593929,9356.1,0.49756521,9359.53325
Kraken,btc_eur,9356.1,1601306861.238135,9356.0,4.0,9356.1,0.52855014,9359.5328
Kraken,btc_eur,9356.1,1601306861.418527,9356.0,4.0,9356.1,0.42917014,9359.53271
Kraken,btc_eur,9356.7,1601306863.690368,9356.7,1.13093929,9356.8,0.09924,9359.53137
Kraken,btc_eur,9356.7,1601306864.147752,9356.7,1.11270472,9356.9,0.68857692,9359.53136
Kraken,btc_usd,10899.4,1601306867.20993,10899.4,0.3771888,10899.5,6.11429685,10891.65226
Kraken,btc_eur,9355.1,1601306876.351681,9355.0,0.17239686,9355.1,0.08391079,9359.53085
Kraken,eth_usd,364.51,1601306880.255115,364.5,3.79663295,364.51,19.08407558,360.11214
Kraken,btc_eur,9356.7,1601306880.538083,9356.6,2.51796964,9356.7,0.67551969,9359.53084
Kraken,btc_eur,9356.7,1601306881.039355,9356.6,2.51796964,9356.7,0.67023168,9359.53083
Kraken,eth_usd,364.51,1601306882.795505,364.5,3.79663295,364.51,56.34753488,360.11242
Kraken,btc_eur,9356.6,1601306882.81818,9356.6,2.76912612,9356.7,0.67023168,9359.53057
Kraken,btc_eur,9356.6,1601306884.788675,9356.6,0.7932337,9356.7,1.17023168,9359.53056
Kraken,btc_eur,9356.6,1601306885.158815,9356.6,0.79114125,9356.7,1.17023168,9359.53056
Kraken,btc_eur,9356.7,1601306888.667964,9356.6,0.57283005,9356.7,1.5556192,9359.53055
Kraken,eth_eur,312.77,1601306891.923763,312.76,59.86853079,312.77,43.6249659,309.74269
Kraken,btc_eur,9356.6,1601306895.521797,9356.6,0.52779536,9356.7,1.5556192,9359.53052
Kraken,btc_usd,10904.9,1601307167.897248,10904.9,0.4268992,10905.0,7.96453609,10891.67782
Kraken,btc_eur,9367.2,1601307167.898451,9367.0,0.0077353,9367.2,2.07443731,9359.53542
Kraken,eth_usd,364.5,1601307167.898936,364.42,2.65719218,364.51,232.47561212,360.13361
Kraken,eth_eur,313.1,1601307167.899341,313.1,0.67908453,313.18,75.1261454,309.75811
Kraken,btc_eur,9367.2,1601307168.209548,9367.1,0.7127353,9367.2,2.05179839,9359.53547
Kraken,btc_eur,9367.2,1601307168.646465,9367.1,0.7127353,9367.2,2.02835378,9359.53552
Kraken,btc_eur,9367.1,1601307168.929194,9367.1,0.7034853,9367.2,2.02835378,9359.53553
Kraken,btc_eur,9367.2,1601307169.151013,9367.1,0.7034853,9367.2,2.00307904,9359.53559
Kraken,btc_eur,9367.2,1601307169.981235,9367.1,0.7034853,9367.2,1.97621359,9359.53564
Kraken,btc_eur,9367.1,1601307171.372425,9367.1,2.64731346,9367.2,1.97621359,9359.53576
Kraken,btc_eur,9367.2,1601307173.404922,9367.1,0.64731346,9367.2,2.20183905,9359.53581
Kraken,btc_eur,9367.2,1601307173.919055,9366.1,0.68803095,9367.2,2.18305187,9359.53585
Kraken,eth_usd,364.78,1601307173.985045,364.78,68.29663295,364.79,10.0,360.13508
Kraken,btc_eur,9367.2,1601307175.029787,9366.1,0.68803095,9367.2,2.16001298,9359.5359
Kraken,btc_eur,9366.1,1601307175.388212,9366.1,0.63129999,9367.2,1.91001298,9359.536
Kraken,btc_eur,9367.2,1601307175.449018,9366.1,0.63129999,9367.2,1.88570778,9359.53605
Kraken,btc_eur,9367.2,1601307176.215954,9366.6,0.0077353,9367.2,1.86476584,9359.53609
Kraken,btc_eur,9367.9,1601307176.674896,9366.6,0.0077353,9367.9,0.00278953,9359.53615
Kraken,btc_eur,9367.5,1601307177.136259,9366.7,0.0077353,9367.5,0.21129569,9359.53619
Kraken,btc_eur,9367.5,1601307177.71058,9366.6,2.0,9367.5,0.22736927,9359.53624
Kraken,btc_eur,9366.6,1601307177.958047,9366.6,1.92646617,9367.5,0.22736927,9359.53638
Kraken,btc_eur,9367.5,1601307178.259695,9366.7,0.175,9367.5,0.22265417,9359.53639
Kraken,btc_eur,9367.6,1601307178.794526,9366.7,0.175,9367.6,1.97826318,9359.53644
Kraken,btc_eur,9367.6,1601307179.241437,9366.7,0.175,9367.6,1.95629736,9359.53649
Kraken,eth_eur,313.25,1601307179.478038,313.25,18.35164076,313.29,3.275,309.75844
Kraken,btc_eur,9367.4,1601307179.76389,9366.7,0.175,9367.4,0.66525482,9359.53654
Kraken,btc_eur,9366.8,1601307180.380476,9366.1,0.63129999,9366.8,0.07826076,9359.53656
Kraken,btc_eur,9367.4,1601307180.763528,9366.1,0.63129999,9367.4,0.64203723,9359.53661
Kraken,btc_eur,9367.4,1601307181.195612,9365.7,0.68804369,9367.4,0.6119236,9359.53667
Kraken,btc_eur,9367.4,1601307181.649265,9365.7,0.68804369,9367.4,2.60571201,9359.53675
Kraken,btc_eur,9367.0,1601307182.153399,9366.5,0.68804212,9367.0,0.00510121,9359.53679
Kraken,btc_eur,9367.0,1601307182.760598,9366.9,2.0,9367.0,0.22195026,9359.53685
Kraken,btc_eur,9367.0,1601307183.315579,9366.9,2.0,9367.0,0.19770104,9359.5369
Kraken,btc_eur,9367.0,1601307183.358431,9366.9,2.0,9367.0,0.1875241,9359.53692
Kraken,btc_eur,9367.1,1601307183.740254,9366.9,2.0,9367.1,1.99279065,9359.53694
Kraken,btc_usd,10905.0,1601307185.330579,10904.9,1.28509784,10905.0,7.04816936,10891.67785
Kraken,btc_eur,9368.2,1601307189.860524,9367.8,0.03338868,9368.2,0.52816725,9359.53699
Kraken,btc_eur,9368.2,1601307190.294151,9367.8,0.03338868,9368.2,0.50757598,9359.53704
Kraken,btc_eur,9368.7,1601307197.673834,9368.1,0.29838868,9368.7,0.22648758,9359.5371
Kraken,eth_eur,313.3,1601307199.892326,313.29,74.71185803,313.3,0.56316322,309.75863
Kraken,btc_usd,10904.9,1601307206.54951,10904.9,2.37876323,10905.0,2.62009188,10891.67802
Kraken,btc_eur,9368.7,1601307206.779055,9368.4,0.39838868,9368.7,1.96096029,9359.5372
Kraken,btc_eur,9368.7,1601307207.439839,9368.4,0.39838868,9368.7,1.95778908,9359.53721
Kraken,btc_eur,9368.7,1601307207.981563,9368.4,0.39838868,9368.7,1.95369651,9359.53722
Kraken,btc_eur,9368.7,1601307208.280505,9368.4,0.39838868,9368.7,1.94193451,9359.53725
Kraken,btc_eur,9368.7,1601307208.861572,9368.5,0.725,9368.7,1.91989745,9359.5373
Kraken,btc_eur,9368.7,1601307209.351377,9368.6,2.03338868,9368.7,1.89385866,9359.53737
Kraken,btc_eur,9368.7,1601307209.857455,9368.6,3.02838868,9368.7,1.87506368,9359.53741
Kraken,btc_eur,9368.7,1601307210.415503,9368.6,3.02838868,9368.7,1.8524822,9359.53747
Kraken,btc_eur,9368.7,1601307211.08565,9368.6,3.02838868,9368.7,1.84888787,9359.53748
Kraken,btc_eur,9368.7,1601307211.861473,9368.6,3.02838868,9368.7,1.89311814,9359.5375
Kraken,btc_eur,9368.7,1601307212.277519,9368.6,3.02838868,9368.7,1.87226879,9359.53755
Kraken,btc_eur,9368.7,1601307212.698748,9368.6,3.02838868,9368.7,1.84819727,9359.53761
Kraken,btc_eur,9368.7,1601307213.139402,9368.6,3.02838868,9368.7,1.82067885,9359.53768
Kraken,btc_eur,9368.7,1601307213.978822,9368.6,3.02838868,9368.7,1.79866013,9359.53774
Kraken,btc_eur,9368.7,1601307214.533885,9368.6,3.02838868,9368.7,1.77446413,9359.5378
Kraken,btc_eur,9368.7,1601307214.962996,9368.6,3.02838868,9368.7,1.7538423,9359.53785
Kraken,btc_eur,9368.7,1601307215.757752,9368.6,3.02838868,9368.7,1.74841559,9359.53787
Kraken,btc_eur,9368.7,1601307216.410229,9368.6,3.02838868,9368.7,1.72633683,9359.53792
Kraken,btc_eur,9368.7,1601307217.070896,9368.6,3.02838868,9368.7,1.70206037,9359.53798
Kraken,btc_eur,9368.7,1601307217.33316,9368.6,3.02838868,9368.7,1.67921934,9359.53804
Kraken,btc_eur,9368.7,1601307217.942817,9368.6,3.02838868,9368.7,1.97936805,9359.53811
Kraken,btc_eur,9368.6,1601307217.988582,9368.6,3.01236268,9368.7,1.97936805,9359.53815
Kraken,btc_eur,9368.7,1601307218.839583,9368.6,3.01236268,9368.7,1.95627855,9359.5382
Kraken,btc_eur,9368.7,1601307219.280084,9368.6,3.01236268,9368.7,1.92998926,9359.53827
Kraken,btc_eur,9368.7,1601307220.066463,9368.6,3.01236268,9368.7,1.90790911,9359.53833
Kraken,btc_eur,9368.7,1601307222.135093,9368.6,3.01236268,9368.7,1.87759757,9359.5384
Kraken,btc_eur,9368.7,1601307223.168342,9366.3,0.11434,9368.7,2.67749896,9359.53847
Kraken,btc_eur,9368.6,1601307224.287122,9365.0,0.17239686,9368.6,1.00210722,9359.53849
Kraken,btc_eur,9368.6,1601307224.944075,9365.0,0.17239686,9368.6,0.99393971,9359.53854
Kraken,btc_eur,9367.0,1601307225.683681,9365.0,0.17239686,9367.0,0.6669647,9359.53858
Kraken,btc_usd,10905.0,1601307225.738964,10904.9,1.41561998,10905.0,6.48105288,10891.67822
Kraken,btc_usd,10904.9,1601307226.56716,10904.9,0.62797897,10905.0,6.66054315,10891.68428
Kraken,btc_eur,9367.0,1601307226.619066,9365.9,2.0,9367.0,0.64317365,9359.53863
Kraken,btc_eur,9366.9,1601307227.311342,9365.9,2.0,9366.9,0.50196136,9359.53864
Kraken,eth_eur,313.28,1601307227.480709,313.28,1.12410595,313.29,85.79545256,309.7587
Kraken,btc_eur,9366.7,1601307227.957249,9366.0,0.495,9366.7,0.50067526,9359.53865
Kraken,btc_eur,9366.5,1601307231.847682,9366.0,0.495,9366.5,0.4927197,9359.53866
Kraken,btc_eur,9366.5,1601307232.332533,9366.4,2.0,9366.5,0.47598288,9359.53871
Kraken,btc_eur,9366.5,1601307232.773447,9366.4,2.0,9366.5,0.44621281,9359.53875
Kraken,btc_eur,9366.5,1601307233.871807,9366.1,0.735,9366.5,1.34078711,9359.53876
Kraken,btc_eur,9366.5,1601307234.392639,9365.3,0.4,9366.5,3.32081634,9359.5388
Kraken,btc_eur,9365.7,1601307235.690563,9365.3,0.4,9365.7,0.24598417,9359.53881
Kraken,btc_eur,9365.3,1601307235.983384,9365.3,0.39474,9365.6,0.5,9359.53882
Kraken,btc_eur,9365.4,1601307241.460595,9365.3,2.39474,9365.4,1.14060487,9359.53883
Kraken,btc_eur,9365.4,1601307243.915609,9365.3,2.4,9365.4,1.11001729,9359.53888
Kraken,btc_eur,9365.3,1601307244.350444,9365.3,2.39635833,9365.4,1.10562219,9359.53889
Kraken,btc_eur,9365.4,1601307244.583704,9365.3,2.39635833,9365.4,1.11328033,9359.53894
Kraken,btc_usd,10905.0,1601307244.893527,10904.9,0.001,10905.0,8.42364511,10891.68446
Kraken,btc_eur,9365.4,1601307245.184315,9365.3,2.69135833,9365.4,0.90920003,9359.53932
Kraken,btc_eur,9365.8,1601307246.909552,9365.7,2.0,9365.8,1.99619248,9359.53933
Kraken,btc_eur,9365.8,1601307247.428813,9365.7,2.0,9365.8,1.99299433,9359.53933
Kraken,btc_usd,10904.8,1601307249.584889,10904.8,0.68382626,10905.0,8.29064511,10891.68449
Kraken,btc_eur,9365.8,1601307251.062521,9365.7,2.435,9365.8,1.98817948,9359.53934
Kraken,eth_usd,364.44,1601307253.955997,364.43,0.29277517,364.44,79.98145304,360.1351
Kraken,btc_eur,9365.8,1601307259.658902,9365.7,2.63462097,9365.8,1.78594091,9359.53971
Kraken,eth_eur,312.89,1601307260.888166,312.81,2.0,312.89,0.9599104,309.75885
Kraken,btc_usd,10904.9,1601307265.533659,10904.9,2.83542001,10905.0,1.57009506,10891.68657
Kraken,btc_usd,10905.0,1601307266.973948,10904.9,3.16463989,10905.0,2.10359569,10891.68658
Kraken,btc_eur,9370.0,1601307268.167589,9368.9,0.03462097,9370.0,0.051552,9359.53972
Kraken,btc_eur,9370.0,1601307268.17755,9368.9,0.03462097,9370.0,0.04898395,9359.53972
Kraken,btc_eur,9369.8,1601307271.221841,9369.2,0.625,9369.8,0.2169964,9359.53982
Kraken,eth_usd,364.27,1601307273.911823,364.27,5.00680882,364.44,48.81704958,360.13515
Kraken,btc_eur,9369.4,1601307274.856061,9369.2,0.625,9369.4,0.23387523,9359.53986
Kraken,btc_usd,10904.9,1601307289.903632,10904.8,0.85386619,10904.9,2.4878844,10891.68661
Kraken,btc_eur,9369.7,1601307291.283768,9369.5,0.555,9369.8,2.0,9359.54056
Kraken,btc_eur,9369.7,1601307292.961077,9369.6,0.62462097,9369.7,0.49205486,9359.54059
Kraken,btc_eur,9370.0,1601307293.92847,9369.6,0.62462097,9370.0,0.02499282,9359.54066
Kraken,btc_eur,9370.1,1601307294.033196,9369.6,0.59,9370.1,0.02029949,9359.54095
Kraken,btc_eur,9369.9,1601307302.092931,9369.9,0.47681,9370.0,0.75,9359.54098
Kraken,btc_eur,9368.1,1601307305.802142,9368.1,0.01503826,9368.2,2.0,9359.54121
Kraken,btc_eur,9368.2,1601307305.962627,9368.1,0.01503826,9368.2,2.45739897,9359.54131
Kraken,eth_eur,312.85,1601307307.958694,312.75,37.77186256,312.85,19.10133872,309.75925
Kraken,btc_eur,9366.2,1601307310.635383,9366.9,4.87e-05,9368.2,2.03810145,9359.54146
Kraken,btc_eur,9368.2,1601307322.720273,9368.1,2.555,9368.2,1.96798,9359.54153
Kraken,btc_eur,9369.3,1601307340.975562,9369.3,0.228485,9369.4,0.55,9359.54179
Kraken,eth_eur,313.15,1601307343.172452,313.0,81.97452818,313.15,42.15739459,309.75945
Kraken,eth_usd,364.32,1601307343.240725,364.31,197.65183059,364.32,4.02487836,360.13524
Kraken,btc_eur,9369.4,1601307343.671025,9369.2,0.12506116,9369.4,0.87781706,9359.54196
Kraken,btc_usd,10904.8,1601307344.432843,10904.8,2.10679116,10904.9,0.131,10891.68662
Kraken,btc_eur,9369.5,1601307347.007511,9369.4,0.39962097,9369.5,9.95405296,9359.54208
Kraken,eth_eur,313.03,1601307352.527008,313.03,4.0,313.1,0.76098169,309.75973
Kraken,eth_usd,364.32,1601307354.177146,364.31,171.79480193,364.68,0.65197988,360.13583
Kraken,eth_eur,313.26,1601307364.993571,313.26,19.86621695,313.3,0.56316322,309.75984
Kraken,btc_eur,9369.4,1601307371.097004,9369.4,0.162764,9369.5,12.64182414,9359.54238
Kraken,btc_usd,10905.0,1601307371.899927,10904.8,1.59286619,10905.0,5.62185588,10891.68889
Kraken,btc_eur,9369.4,1601307372.004799,9369.2,0.12506116,9369.4,1.97886,9359.54243
Kraken,btc_eur,9369.4,1601307374.525238,9369.3,0.29462097,9369.4,0.14096479,9359.54272
Kraken,btc_eur,9369.3,1601307374.788796,9369.3,0.21,9369.4,0.14096479,9359.54285
Kraken,btc_usd,10905.0,1601307376.263678,10904.9,8.60433409,10905.0,5.60055915,10891.68902
Kraken,eth_usd,364.68,1601307377.844152,364.67,213.46365883,364.68,12.21297377,360.13594
Kraken,btc_usd,10905.0,1601307379.016594,10904.9,8.60433409,10905.0,5.58513786,10891.68912
Kraken,btc_eur,9369.5,1601307383.564028,9369.4,0.24962097,9369.5,0.67720471,9359.54288
Kraken,btc_eur,9369.5,1601307391.437688,9369.2,0.12506116,9369.5,2.64704871,9359.54296
Kraken,btc_usd,10905.0,1601307391.569531,10904.9,8.60433409,10905.0,5.56438786,10891.68925
Kraken,btc_usd,10905.0,1601307399.914091,10904.9,7.1006942,10905.0,5.55938074,10891.68928
Kraken,btc_eur,9369.8,1601307407.414612,9369.7,2.0,9369.8,0.1575198,9359.54446
Kraken,btc_eur,9369.9,1601307412.981905,9369.9,3.08683448,9370.0,0.01754,9359.5446
Kraken,btc_eur,9370.6,1601307414.806957,9369.9,3.08683448,9370.6,9.90886375,9359.54479
Kraken,eth_eur,313.3,1601307414.885071,313.29,2.85136,313.3,34.40923491,309.75985
Kraken,btc_usd,10905.0,1601307419.864513,10905.0,8.19529232,10905.1,0.32623451,10891.68935
Kraken,btc_eur,9370.6,1601307420.123394,9370.5,0.47962097,9370.6,9.55761172,9359.54586
Kraken,btc_eur,9370.6,1601307424.25646,9370.5,0.47962097,9370.6,9.55333255,9359.54587
Kraken,eth_eur,313.11,1601307424.671984,313.07,2.0,313.11,30.32329838,309.75992
Kraken,btc_eur,9370.6,1601307424.682996,9370.5,0.47962097,9370.6,9.5364108,9359.54593
Kraken,btc_eur,9370.6,1601307427.545089,9370.5,0.47962097,9370.6,9.53304961,9359.54594
Kraken,btc_eur,9370.6,1601307429.531098,9370.5,0.47962097,9370.6,9.52284961,9359.54597
Kraken,btc_eur,9370.5,1601307438.26324,9370.5,0.32435117,9370.6,11.52284961,9359.54633
Kraken,btc_usd,10905.0,1601307441.336511,10905.0,4.81510407,10905.1,0.32623451,10891.68939
Kraken,btc_eur,9370.6,1601307446.855109,9369.9,2.0,9370.6,11.47284961,9359.54649
Kraken,btc_usd,10905.1,1601307453.077668,10905.0,4.84045937,10905.1,0.32260935,10891.68941
Kraken,btc_eur,9370.6,1601307457.705191,9370.5,2.60962097,9370.6,11.44857652,9359.54656
Kraken,btc_eur,9370.6,1601307458.332606,9370.5,2.60962097,9370.6,11.44547068,9359.54657
Kraken,btc_eur,9370.6,1601307459.564629,9370.5,2.60962097,9370.6,11.25337068,9359.54715
Kraken,eth_usd,364.66,1601307468.043484,364.64,30.71016442,364.66,27.71154008,360.1363
Kraken,btc_eur,9369.5,1601307474.33048,9369.5,8.70844952,9369.6,1.99245186,9359.54716
Kraken,eth_eur,313.03,1601307474.519597,313.02,2.0,313.04,0.54214003,309.76017
Kraken,eth_eur,313.03,1601307474.644674,313.02,8.0,313.03,59.254708,309.76271
Kraken,btc_eur,9369.5,1601307480.969951,9369.5,9.7306657,9369.6,2.89245186,9359.54718
Kraken,btc_eur,9369.6,1601307482.714717,9369.5,9.3306657,9369.6,2.86352063,9359.54726
Kraken,btc_eur,9369.6,1601307484.089376,9369.5,9.3306657,9369.6,2.85542581,9359.54728
Kraken,btc_eur,9369.6,1601307496.399225,9369.5,7.20300468,9369.6,2.48683188,9359.54732
Kraken,btc_eur,9369.6,1601307497.113553,9369.5,7.20300468,9369.6,2.49899998,9359.54732
Kraken,btc_eur,9369.6,1601307498.361246,9369.5,7.20300468,9369.6,2.47399173,9359.54739
Kraken,btc_usd,10905.0,1601307501.340145,10905.0,7.6033708,10905.1,0.32260935,10891.69075
Kraken,btc_eur,9369.5,1601307502.878543,9369.5,7.20116771,9369.6,2.49999993,9359.5474
Kraken,eth_eur,313.01,1601307508.401582,313.0,102.0,313.01,92.13760969,309.76275
Kraken,btc_eur,9369.6,1601307513.193079,9369.5,9.23578868,9369.6,1.96774309,9359.54887
Kraken,btc_eur,9369.6,1601307516.096356,9369.5,9.23578868,9369.6,1.90829628,9359.54893
Kraken,eth_eur,313.01,1601307524.046433,313.0,100.0,313.01,68.10576955,309.76277
Kraken,btc_usd,10905.1,1601307525.951044,10905.0,7.56953274,10905.1,0.13959844,10891.69192
Kraken,btc_usd,10905.1,1601307527.559692,10905.0,7.57417263,10905.1,0.13814015,10891.69193
Kraken,eth_eur,313.0,1601307528.741808,313.0,107.65375568,313.01,62.01076955,309.7628
Kraken,btc_eur,9369.6,1601307530.083254,9369.5,8.80116771,9369.6,1.89240634,9359.54897
Kraken,btc_eur,9369.6,1601307533.615803,9369.5,9.75078868,9369.6,1.84035503,9359.54911
Kraken,btc_eur,9369.6,1601307534.775002,9369.5,9.75078868,9369.6,1.70865251,9359.54948
Kraken,btc_eur,9369.5,1601307535.53662,9369.5,9.74742671,9369.6,1.70865251,9359.54949
Kraken,btc_eur,9369.6,1601307536.188565,9369.5,9.74742671,9369.6,1.69805922,9359.54952
Kraken,btc_eur,9369.6,1601307537.398052,9369.5,9.74742671,9369.6,1.97484682,9359.54956
Kraken,eth_usd,364.56,1601307543.078519,364.53,20.57789738,364.56,0.18410828,360.1363
Kraken,btc_eur,9369.6,1601307545.993584,9369.5,8.79780574,9369.6,2.68180243,9359.54956
Kraken,eth_eur,313.01,1601307547.119701,313.0,99.8,313.01,103.22513541,309.76281
Kraken,eth_usd,364.53,1601307547.238464,364.52,0.30016,364.53,4.56182116,360.1382
Kraken,eth_eur,313.0,1601307547.296514,313.0,98.8082885,313.01,103.22513541,309.76295
Kraken,eth_usd,364.48,1601307548.45391,364.48,27.08832535,364.53,0.18410828,360.13829
Kraken,btc_usd,10905.1,1601307548.52207,10905.0,7.34644579,10905.1,0.116706,10891.69207
Kraken,btc_eur,9369.6,1601307548.567382,9369.5,6.79780574,9369.6,3.04262008,9359.54987
Kraken,eth_eur,313.0,1601307554.638804,313.0,146.2889618,313.01,61.90799538,309.76311
Kraken,btc_eur,9369.5,1601307556.140431,9369.5,8.7883655,9369.6,2.79262008,9359.54989
Kraken,eth_eur,313.01,1601307560.68111,313.0,122.03264683,313.01,61.75063028,309.76313
Kraken,btc_eur,9369.6,1601307569.85157,9369.5,8.7883655,9369.6,2.31990608,9359.5499
Kraken,btc_eur,9369.6,1601307572.810415,9369.5,8.7883655,9369.6,2.31490608,9359.54991
Kraken,btc_eur,9369.6,1601307575.200176,9369.5,8.7883655,9369.6,2.27755608,9359.55002
Kraken,eth_eur,313.01,1601307575.842732,313.0,158.95764683,313.01,61.55063028,309.76316
Kraken,btc_eur,9369.5,1601307585.614583,9369.5,8.7853655,9369.6,2.46873788,9359.55003
Kraken,eth_eur,313.01,1601307591.176113,313.0,152.03264683,313.01,62.06106048,309.76317
Kraken,btc_eur,9369.5,1601307594.217555,9369.5,8.22220897,9369.6,3.04873788,9359.5502
Kraken,btc_usd,10905.1,1601307594.499013,10905.0,7.82394604,10905.1,0.05354947,10891.69247
Kraken,btc_eur,9369.5,1601307602.909484,9369.5,6.05910261,9369.6,3.04873788,9359.55065
Kraken,btc_eur,9369.5,1601307603.701863,9369.5,6.04258787,9369.6,3.29873788,9359.55069
Kraken,btc_usd,10905.1,1601307603.986975,10905.0,7.43667547,10905.1,0.0440825,10891.69253
Kraken,eth_eur,313.01,1601307605.366556,313.0,152.03264683,313.01,61.56607885,309.76324
Kraken,btc_eur,9369.6,1601307606.905298,9369.5,6.04258787,9369.6,2.45873788,9359.55233
Kraken,btc_usd,10905.9,1601307607.062191,10905.0,7.61012547,10905.9,1.7539825,10891.69319
Kraken,btc_eur,9369.6,1601307608.611621,9369.5,8.04258787,9369.6,2.44853067,9359.55236
Kraken,btc_eur,9369.5,1601307609.033505,9369.5,8.03809835,9369.6,2.44853067,9359.55237
Kraken,btc_eur,9369.6,1601307618.204552,9369.5,6.58309835,9369.6,1.81718998,9359.55468
Kraken,btc_eur,9369.5,1601307619.665111,9369.5,7.96794394,9369.6,2.8048659,9359.55487
Kraken,btc_usd,10905.9,1601307624.602367,10905.8,1.94201413,10905.9,0.89745145,10891.699
Kraken,btc_eur,9369.5,1601307626.200272,9369.5,8.20110919,9369.6,5.78029389,9359.55487
Kraken,eth_eur,313.01,1601307628.727954,313.0,101.46020612,313.01,91.51358756,309.76324
Kraken,eth_usd,364.58,1601307629.020553,364.58,16.69840644,364.59,3.25,360.1383
Kraken,eth_eur,313.01,1601307631.50476,313.0,101.46020612,313.01,61.46106432,309.76325
Kraken,btc_eur,9369.6,1601307633.338424,9369.5,6.20110919,9369.6,5.94405948,9359.55489
Kraken,btc_eur,9369.6,1601307640.882419,9369.5,5.96610919,9369.6,5.89405948,9359.55503
Kraken,eth_eur,313.0,1601307653.049543,313.0,172.09201248,313.01,60.91892429,309.76339
Kraken,btc_eur,9369.5,1601307655.185134,9369.5,9.73083213,9369.6,2.13494739,9359.55519
Kraken,btc_usd,10905.9,1601307655.366748,10905.8,11.96251488,10905.9,0.83755342,10891.6994
Kraken,btc_eur,9369.5,1601307655.965651,9369.5,9.66306623,9369.6,2.13494739,9359.55538
Kraken,btc_usd,10905.9,1601307656.213619,10905.8,14.11651488,10905.9,0.76978752,10891.69986
Kraken,btc_eur,9369.6,1601307656.316367,9369.5,9.66306623,9369.6,2.13301286,9359.55539
Kraken,btc_eur,9369.5,1601307656.319455,9369.5,9.48620098,9369.6,2.13301286,9359.55587
Kraken,btc_eur,9369.6,1601307656.456037,9369.5,9.48620098,9369.6,2.12736309,9359.55589
Kraken,btc_usd,10905.9,1601307656.470724,10905.8,14.11651488,10905.9,0.59292227,10891.70106
Kraken,btc_eur,9369.5,1601307656.631163,9369.5,9.37064219,9369.6,1.29453466,9359.5562
Kraken,btc_usd,10905.9,1601307656.842074,10905.8,12.29551488,10905.9,0.47736348,10891.70184
Kraken,btc_eur,9369.5,1601307657.183781,9369.5,9.25894154,9369.6,0.51304692,9359.55651
Kraken,eth_eur,313.01,1601307657.262781,313.0,172.09201248,313.01,60.44028074,309.76346
Kraken,btc_usd,10910.0,1601307657.647906,10906.3,3.38032601,10910.0,0.12297808,10891.70273
Kraken,btc_eur,9369.5,1601307658.610344,9369.5,8.78659388,9369.6,0.1911818,9359.5578
Kraken,btc_usd,10913.2,1601307658.880837,10909.0,2.0,10913.2,0.28363042,10891.70731
Kraken,btc_eur,9371.2,1601307665.063652,9369.5,8.78659388,9371.2,0.99984633,9359.56156
Kraken,btc_eur,9371.1,1601307665.873871,9371.1,2.52969409,9371.2,0.99984633,9359.56157
Kraken,btc_eur,9371.1,1601307666.42203,9371.1,2.52365928,9371.2,0.99984633,9359.56159
Kraken,eth_eur,313.01,1601307667.282312,313.0,189.31612348,313.01,60.20393885,309.76349
Kraken,eth_usd,364.8,1601307669.340515,364.79,131.56144412,364.8,3.19984,360.13834
Kraken,btc_usd,10913.3,1601307669.426328,10913.2,1.73440961,10913.3,0.42130713,10891.70773
Kraken,eth_eur,313.0,1601307671.334638,313.0,225.21804236,313.01,60.20393885,309.76352
Kraken,eth_eur,313.01,1601307675.626409,313.0,175.23928668,313.01,59.648811,309.76368
Kraken,btc_eur,9371.4,1601307675.800956,9371.0,0.68737543,9371.4,0.0774776,9359.56166
Kraken,btc_eur,9371.0,1601307677.063246,9371.0,0.66595444,9371.4,0.0774776,9359.56173
Kraken,btc_eur,9371.4,1601307679.2509,9371.0,2.66595444,9371.4,0.0069776,9359.56196
Kraken,btc_eur,9371.4,1601307682.916613,9371.3,1.64700347,9371.4,0.2322209,9359.56204
Kraken,btc_eur,9371.4,1601307683.335155,9371.3,3.64700347,9371.4,0.20801736,9359.56212
Kraken,btc_eur,9371.3,1601307683.508135,9371.3,2.59222801,9371.4,0.20801736,9359.56553
Kraken,eth_eur,313.01,1601307705.950143,313.0,227.50404236,313.01,45.60012146,309.76561
Kraken,eth_eur,313.01,1601307706.177804,313.0,194.87904236,313.01,31.90087367,309.76755
Kraken,eth_eur,313.01,1601307709.414314,313.0,217.86055393,313.01,18.20361239,309.76948
Kraken,eth_eur,313.01,1601307709.629201,313.0,208.33912914,313.01,4.50635111,309.7714
Kraken,eth_eur,313.01,1601307709.678392,313.0,208.33912914,313.28,5.15,309.77204
Kraken,eth_eur,313.28,1601307724.61148,313.26,0.48672,313.28,55.14946723,309.77241
Kraken,btc_eur,9370.0,1601307726.697743,9370.0,0.14735386,9370.1,3.37393216,9359.5656
Kraken,eth_eur,313.27,1601307727.575062,313.26,0.48672,313.27,72.62069434,309.77244
Kraken,eth_usd,364.8,1601307729.25598,364.79,34.0,364.8,21.38102363,360.13886
Kraken,btc_usd,10915.2,1601307734.086744,10915.1,0.5019999,10915.2,2.65550595,10891.70809
Kraken,btc_eur,9370.1,1601307735.901447,9370.0,0.14735386,9370.1,6.49141513,9359.56563
Kraken,btc_usd,10915.1,1601307739.548688,10915.1,0.4919999,10915.2,8.08938349,10891.7082
Kraken,btc_eur,9370.1,1601307741.18766,9370.0,0.14735386,9370.1,6.93045053,9359.56564
Kraken,btc_eur,9370.1,1601307750.901592,9370.0,0.14735386,9370.1,6.88781435,9359.5659
Kraken,btc_eur,9370.0,1601307757.076427,9370.0,0.07707171,9370.1,6.95743211,9359.5661
Kraken,btc_eur,9369.5,1601307757.531738,9369.5,4.45276664,9370.1,6.95743211,9359.56772
Kraken,btc_eur,9369.5,1601307761.913254,9369.5,4.41563847,9369.6,5.09845121,9359.56782
Kraken,eth_eur,313.26,1601307764.003391,313.26,1.11711,313.27,89.63488429,309.77256
Kraken,eth_eur,313.26,1601307764.568953,313.05,1.7718336,313.27,101.36841706,309.77273
Kraken,eth_eur,313.05,1601307764.591804,313.05,1.29419216,313.26,6.94935723,309.77279
Kraken,eth_eur,313.05,1601307764.788253,313.0,96.46703228,313.07,21.70511216,309.77298
Kraken,eth_usd,364.57,1601307765.071992,364.5,3.5,364.67,33.5130346,360.13984
Kraken,btc_usd,10915.1,1601307766.391215,10906.8,0.91678225,10915.2,11.9245587,10891.71368
Kraken,btc_eur,9369.5,1601307769.127347,9369.5,4.35563847,9369.6,8.33582499,9359.56798
Kraken,btc_eur,9369.6,1601307778.237102,9369.5,4.35563847,9369.6,8.78960537,9359.56799
Kraken,btc_eur,9369.6,1601307784.34994,9369.5,4.35563847,9369.6,8.90721749,9359.56806
Kraken,btc_eur,9369.6,1601307785.290266,9369.5,4.35563847,9369.6,8.90466255,9359.56808
Kraken,btc_eur,9369.6,1601307786.168299,9369.5,4.35563847,9369.6,8.86309546,9359.56819
Kraken,btc_usd,10906.1,1601307787.477234,10906.0,1.41683644,10906.1,1.18411978,10891.71402
Kraken,btc_eur,9369.6,1601307790.179408,9369.5,4.35563847,9369.6,8.46564077,9359.56837
Kraken,btc_eur,9369.6,1601307791.646662,9369.5,4.35563847,9369.6,8.45714521,9359.56839
Kraken,eth_eur,313.0,1601307796.237856,313.0,92.20851848,313.02,60.9900468,309.77358
Kraken,btc_eur,9369.6,1601307796.466823,9369.5,5.33550324,9369.6,4.6635187,9359.56842
Kraken,btc_eur,9369.5,1601307805.90241,9369.5,5.32253819,9369.6,2.5785836,9359.56846
Kraken,btc_usd,10909.1,1601307806.865491,10909.1,0.07750471,10909.4,4.84803319,10891.71408
Kraken,btc_eur,9369.6,1601307807.88569,9369.5,5.2959133,9369.6,4.42345124,9359.56888
Kraken,btc_usd,10909.3,1601307819.688352,10909.3,3.91065318,10909.4,4.84803319,10891.71426
Kraken,btc_usd,10909.4,1601307819.830894,10909.3,0.06065318,10909.4,4.26748371,10891.71915
Kraken,btc_usd,10909.4,1601307820.185643,10909.3,3.91065318,10909.4,4.24748371,10891.71932
Kraken,eth_usd,364.5,1601307822.160133,364.46,35.96016442,364.53,50.79992998,360.14032
Kraken,btc_usd,10909.3,1601307822.805723,10909.2,0.68762358,10909.3,0.41820193,10891.7203
Kraken,btc_usd,10909.3,1601307823.971532,10909.2,0.69226347,10909.3,0.41474854,10891.72033
Kraken,eth_eur,313.01,1601307826.425776,313.0,97.20851848,313.01,62.62243448,309.77363
Kraken,btc_eur,9369.6,1601307830.117208,9369.5,5.38548418,9369.6,4.41264707,9359.56894
Kraken,btc_eur,9369.5,1601307830.998716,9369.5,4.98142418,9369.6,4.41264707,9359.56895
Kraken,btc_eur,9369.6,1601307832.482916,9369.5,4.98142418,9369.6,3.09354008,9359.56897
Kraken,eth_eur,313.0,1601307832.904033,313.0,96.7296983,313.01,18.63776282,309.7737
Kraken,btc_eur,9369.6,1601307839.366137,9369.5,7.70804907,9369.6,2.3911667,9359.56899
Kraken,btc_eur,9369.6,1601307848.478239,9369.5,6.98142418,9369.6,3.05134769,9359.56909
Kraken,btc_eur,9369.6,1601307850.945197,9369.5,4.98142418,9369.6,2.23167216,9359.57135
Kraken,eth_eur,313.01,1601307860.634177,313.0,99.0706883,313.01,79.46171266,309.7737
Kraken,btc_usd,10909.3,1601307862.200437,10909.3,1.54174184,10909.4,4.24848371,10891.72041
Kraken,btc_usd,10909.4,1601307870.140508,10909.3,0.85406574,10909.4,0.24848371,10891.75403
Kraken,btc_eur,9369.6,1601307871.659968,9369.5,5.11489268,9369.6,2.2231766,9359.57137
Kraken,eth_eur,313.05,1601307875.811339,313.01,2.43345,313.05,15.83973484,309.7948
Kraken,btc_eur,9369.5,1601307882.909673,9369.5,5.24354246,9369.6,1.52617196,9359.57293
Kraken,btc_usd,10909.3,1601307885.432953,10909.3,3.00224911,10909.4,0.629,10891.75421
Kraken,btc_usd,10909.3,1601307885.458149,10909.3,2.99224911,10909.4,0.629,10891.75429
Kraken,eth_usd,364.59,1601307889.869134,364.59,17.161245,364.66,33.51,360.14087
Kraken,btc_eur,9369.6,1601307891.688812,9369.5,5.24354246,9369.6,1.49912283,9359.573
Kraken,btc_eur,9369.6,1601307892.334709,9369.5,5.24354246,9369.6,1.47107347,9359.57308
Kraken,btc_eur,9369.6,1601307892.813274,9369.5,5.24354246,9369.6,1.45205843,9359.57313
Kraken,btc_eur,9369.6,1601307893.248713,9369.5,5.24354246,9369.6,1.42049126,9359.57322
Kraken,btc_eur,9369.5,1601307893.263099,9369.5,4.82300246,9369.6,1.42049126,9359.57437
Kraken,btc_eur,9369.6,1601307893.955578,9369.5,4.82300246,9369.6,1.39684943,9359.57443
Kraken,btc_eur,9369.6,1601307894.428781,9369.5,4.82300246,9369.6,1.37526438,9359.57449
Kraken,btc_eur,9369.6,1601307894.553733,9369.5,4.82300246,9369.6,1.36996774,9359.57451
Kraken,btc_eur,9369.6,1601307894.910067,9369.5,4.82300246,9369.6,1.35022859,9359.57456
Kraken,btc_eur,9369.6,1601307896.517102,9369.5,4.82300246,9369.6,1.32884755,9359.57462
Kraken,btc_eur,9369.6,1601307896.940117,9369.5,4.82300246,9369.6,1.30760431,9359.57468
Kraken,btc_eur,9369.6,1601307897.321924,9369.5,4.82300246,9369.6,1.28343645,9359.57474
Kraken,btc_eur,9369.6,1601307897.750616,9369.5,7.35962735,9369.6,1.26451854,9359.5748
Kraken,btc_eur,9369.6,1601307898.615351,9369.5,7.35962735,9369.6,1.24199098,9359.57486
Kraken,btc_eur,9369.6,1601307899.231273,9369.5,7.35962735,9369.6,0.75315335,9359.57493
Kraken,btc_eur,9369.6,1601307899.58588,9369.5,7.35962735,9369.6,0.73065838,9359.57499
Kraken,btc_eur,9369.6,1601307900.030537,9369.5,7.35962735,9369.6,0.70991149,9359.57505
Kraken,btc_eur,9369.6,1601307900.480773,9369.5,7.35962735,9369.6,0.68725868,9359.57511
Kraken,btc_eur,9369.6,1601307900.898556,9369.5,7.42867648,9369.6,0.65429763,9359.5752
Kraken,btc_eur,9369.6,1601307901.312753,9369.5,5.45766545,9369.6,0.62805856,9359.57528
Kraken,btc_eur,9369.6,1601307901.790398,9369.5,5.45766545,9369.6,1.19605721,9359.57534
Kraken,btc_eur,9369.5,1601307902.118,9369.5,7.41060213,9369.6,3.20537161,9359.57546
Kraken,btc_eur,9369.5,1601307902.1959,9369.5,7.40601881,9369.6,3.20537161,9359.57548
Kraken,btc_eur,9369.5,1601307902.19627,9369.5,7.26500029,9369.6,3.20537161,9359.57586
Kraken,btc_usd,10909.3,1601307902.225037,10909.3,0.55496761,10909.4,0.629,10891.75652
Kraken,btc_usd,10909.3,1601307902.2254,10909.3,0.55026281,10909.4,0.629,10891.75656
Kraken,btc_eur,9369.6,1601307902.295601,9369.5,7.26500029,9369.6,3.19215538,9359.57587
Kraken,btc_eur,9369.6,1601307902.767626,9369.5,7.26500029,9369.6,3.17144159,9359.57593
Kraken,btc_eur,9369.6,1601307903.213944,9369.5,7.26500029,9369.6,3.148863,9359.57599
Kraken,btc_eur,9369.6,1601307903.847171,9369.5,7.33785633,9369.6,3.12766065,9359.57605
Kraken,btc_eur,9369.6,1601307904.42677,9369.5,7.33785633,9369.6,3.10196825,9359.57612
Kraken,btc_eur,9369.6,1601307904.840836,9369.5,7.33785633,9369.6,3.09566211,9359.57614
Kraken,btc_eur,9369.6,1601307905.282008,9369.5,6.65017655,9369.6,3.08129007,9359.5762
Kraken,btc_eur,9369.6,1601307906.788908,9369.5,6.65017655,9369.6,3.09524569,9359.57622
Kraken,btc_eur,9369.6,1601307906.789461,9369.5,6.65017655,9369.6,3.07373844,9359.57628
Kraken,btc_eur,9369.6,1601307907.419565,9369.5,6.14017655,9369.6,3.04771961,9359.57635
Kraken,btc_eur,9369.6,1601307907.839586,9369.5,6.14017655,9369.6,3.00527054,9359.57641
Kraken,btc_eur,9369.6,1601307911.901639,9369.5,6.14017655,9369.6,3.09678851,9359.57643
Kraken,btc_eur,9369.5,1601307914.4744,9369.5,6.11639056,9369.6,3.13180221,9359.57649
Kraken,btc_eur,9369.5,1601307919.348794,9369.5,6.0293352,9369.6,2.54180221,9359.57673
Kraken,eth_eur,313.01,1601307931.849017,313.01,20.49608119,313.06,15.96607002,309.79487
Kraken,eth_eur,313.07,1601307937.648378,313.06,73.32155323,313.07,39.84348,309.79489
Kraken,btc_eur,9369.5,1601307938.150706,9369.5,4.49912411,9369.6,2.54180221,9359.57674
Kraken,btc_usd,10911.6,1601307938.980136,10909.3,5.3154723,10911.6,1.91336876,10891.76297
Kraken,btc_usd,10911.6,1601307939.475887,10909.3,4.76520949,10911.6,1.90624741,10891.76304
Kraken,eth_eur,313.07,1601307939.490656,313.06,73.32155323,313.07,38.65551331,309.79506
Kraken,btc_eur,9369.6,1601307941.418661,9369.5,6.49912411,9369.6,2.53330656,9359.57676
Kraken,eth_usd,364.74,1601307944.858845,364.74,49.51207703,364.79,4.56182116,360.14107
Kraken,btc_eur,9369.6,1601307945.449331,9369.5,6.49912411,9369.6,2.78177501,9359.5769
Kraken,btc_eur,9369.6,1601307954.387556,9369.5,6.01912411,9369.6,0.82680221,9359.57691
Kraken,eth_eur,313.07,1601307955.221866,313.06,50.07941505,313.07,35.48511745,309.79551
Kraken,btc_usd,10911.4,1601307955.818725,10911.3,0.85171742,10911.4,0.02800002,10891.76313
Kraken,btc_eur,9369.6,1601307964.886317,9369.5,4.01912411,9369.6,1.61024591,9359.57693
Kraken,eth_usd,364.72,1601307965.093244,364.65,20.56948978,364.72,20.27989378,360.14118
Kraken,btc_eur,9369.6,1601307965.237216,9369.5,4.01912411,9369.6,2.25170151,9359.57707
Kraken,btc_eur,9369.5,1601307970.499578,9369.5,61.51169613,9369.6,1.22955271,9359.57713
Kraken,btc_eur,9369.5,1601307971.285935,9369.5,2.96109927,9369.6,4.82151278,9359.5773
Kraken,btc_eur,9369.5,1601307971.981566,9369.5,2.92234027,9369.6,5.19463922,9359.57741
Kraken,btc_eur,9369.5,1601307972.350312,9369.5,2.89755118,9369.6,5.33819132,9359.57747
Kraken,btc_eur,9369.5,1601307972.444366,9369.5,2.8490895,9369.6,5.33819132,9359.57761
Kraken,btc_eur,9369.5,1601307973.166572,9369.5,2.82165337,9369.6,5.19463922,9359.57768
Kraken,btc_eur,9369.5,1601307973.642449,9369.5,2.55550727,9369.6,5.33818445,9359.57841
Kraken,btc_usd,10911.3,1601307980.985023,10911.3,0.21819171,10911.4,4.68185929,10891.76316
Kraken,btc_usd,10911.4,1601307983.894935,10911.3,0.21819171,10911.4,4.65101583,10891.76345
Kraken,eth_usd,364.58,1601307984.40102,364.57,5.48313391,364.58,6.93244222,360.1413
Kraken,eth_eur,313.02,1601307984.418368,313.01,1.77200913,313.02,0.23936627,309.79551
Kraken,btc_eur,9369.6,1601307984.847322,9369.5,2.55550727,9369.6,16.90788416,9359.57919
Kraken,eth_usd,364.63,1601307989.452462,364.58,0.39219892,364.63,1.89,360.14196
Kraken,btc_eur,9369.6,1601307992.205791,9369.5,2.55550727,9369.6,15.38684306,9359.57963
Kraken,btc_eur,9369.6,1601307995.613199,9369.5,2.96927727,9369.6,13.30795339,9359.57972
Kraken,btc_eur,9369.6,1601307997.495293,9369.5,3.46927727,9369.6,13.34095918,9359.57986
Kraken,btc_usd,10911.4,1601308000.70374,10911.3,0.6228316,10911.4,1.28749023,10891.76347
Kraken,btc_usd,10911.3,1601308002.165172,10911.3,0.4318716,10911.4,1.32499023,10891.76524
Kraken,eth_eur,313.2,1601308007.771989,313.2,35.90618403,313.28,5.15,309.79576
Kraken,eth_usd,364.71,1601308013.327599,364.7,167.55736324,364.71,15.59313827,360.14202
Kraken,btc_eur,9369.5,1601308015.01689,9369.5,3.03294911,9369.6,13.35129073,9359.57996
Kraken,btc_usd,10912.4,1601308017.497358,10911.3,0.02823171,10912.4,0.20350717,10891.82138
Kraken,eth_usd,364.71,1601308018.958527,364.7,147.55736324,364.71,14.65974154,360.14216
Kraken,eth_eur,313.28,1601308023.79849,313.22,1.5738537,313.28,33.37673,309.79582
Kraken,btc_eur,9369.6,1601308024.122646,9369.5,3.03294911,9369.6,15.24769332,9359.58001
Kraken,btc_eur,9369.6,1601308024.876195,9369.5,3.03294911,9369.6,15.23443968,9359.58005
Kraken,eth_eur,313.25,1601308027.553415,313.21,57.40898223,313.25,13.62147181,309.79591
Kraken,btc_eur,9369.6,1601308029.104887,9369.5,3.03294911,9369.6,12.94744611,9359.58006
Kraken,btc_usd,10911.8,1601308029.826811,10911.8,0.0172317,10911.9,0.81638091,10891.82148
Kraken,btc_usd,10912.2,1601308035.394871,10911.8,0.0172317,10912.2,1.0584876,10891.83574
Kraken,btc_usd,10912.3,1601308035.395397,10911.8,0.0172317,10912.3,0.0288876,10891.86461
Kraken,eth_eur,313.24,1601308035.965678,313.24,20.45613056,313.25,30.0,309.79593
Kraken,eth_usd,364.71,1601308042.492578,364.7,135.98816502,364.71,14.51521752,360.14221
Kraken,eth_eur,313.24,1601308042.739395,313.23,2.52388,313.24,82.36654291,309.7964
Kraken,btc_eur,9369.6,1601308047.443681,9369.5,2.51917911,9369.6,16.54831817,9359.58008
Kraken,btc_eur,9369.6,1601308048.608091,9369.5,2.51917911,9369.6,16.53475517,9359.58011
Kraken,eth_usd,364.65,1601308050.972224,364.62,20.57170865,364.65,3.49198802,360.14222
Kraken,btc_usd,10911.8,1601308054.595273,10911.8,0.0082317,10911.9,3.60282082,10891.86469
Kraken,eth_eur,313.03,1601308059.039099,313.01,1.77195096,313.03,0.22351643,309.7964
Kraken,btc_usd,10911.9,1601308060.7476,10911.8,0.0082317,10911.9,4.33940824,10891.8738
Kraken,btc_eur,9369.6,1601308060.796003,9369.5,2.52484911,9369.6,17.09665517,9359.58014
Kraken,btc_eur,9369.6,1601308062.714458,9369.5,2.52484911,9369.6,16.40336091,9359.58165
Kraken,eth_usd,364.7,1601308073.718265,364.69,5.88359945,364.7,37.92812725,360.14227
Kraken,btc_eur,9369.5,1601308074.699066,9369.5,2.50984911,9369.6,17.16336751,9359.58169
Kraken,btc_usd,10911.9,1601308076.538972,10911.8,0.0082317,10911.9,5.17488924,10891.87472
Kraken,btc_eur,9369.6,1601308080.815476,9369.5,2.50984911,9369.6,17.38775384,9359.58172
Kraken,btc_eur,9369.6,1601308084.749637,9369.5,2.50984911,9369.6,17.21476596,9359.58219
Kraken,btc_eur,9369.6,1601308084.908384,9369.5,2.50984911,9369.6,17.18428495,9359.58228
Kraken,btc_usd,10911.9,1601308087.617431,10911.8,0.0082317,10911.9,5.06313143,10891.87489
Kraken,eth_eur,313.06,1601308088.737746,313.05,2.0,313.06,81.21893243,309.79641
Kraken,btc_eur,9369.6,1601308089.520055,9369.5,2.50984911,9369.6,18.10311112,9359.58229
Kraken,btc_eur,9369.5,1601308089.696767,9369.5,0.70984911,9369.6,18.00311112,9359.5872
Kraken,btc_eur,9369.6,1601308089.996828,9369.5,0.70984911,9369.6,18.43009284,9359.58803
Kraken,btc_eur,9369.6,1601308090.110814,9369.5,0.70984911,9369.6,18.42809284,9359.58803
Kraken,eth_eur,313.04,1601308090.428494,313.01,0.26581758,313.04,30.19161195,309.79641
Kraken,btc_usd,10911.8,1601308091.333269,10911.4,0.07973,10911.9,9.52563143,10891.87496
Kraken,eth_eur,313.0,1601308091.554004,313.0,96.10021775,313.02,45.47351643,309.79654
Kraken,btc_usd,10911.3,1601308091.5735,10909.5,3.9396528,10911.5,0.5,10891.87571
Kraken,btc_eur,9369.2,1601308091.811323,9365.8,0.01606,9369.6,18.39100536,9359.5903
Kraken,btc_usd,10909.5,1601308092.09439,10909.5,3.9167858,10910.1,0.5,10891.8759
Kraken,btc_eur,9365.9,1601308098.640178,9365.8,0.01606,9365.9,5.69275365,9359.59031
Kraken,btc_usd,10909.5,1601308105.357281,10909.5,1.74450131,10909.6,11.16153563,10891.89397
Kraken,btc_usd,10909.5,1601308105.390545,10909.0,0.001,10909.6,11.16153563,10891.90845
Kraken,btc_usd,10909.0,1601308105.394946,10906.0,0.5,10909.5,0.44620564,10891.90846
Kraken,btc_eur,9365.8,1601308106.649969,9361.3,0.0098,9365.9,9.19651786,9359.59034
Kraken,eth_usd,364.39,1601308113.170213,364.34,5.48640467,364.39,6.15060575,360.14233
Kraken,btc_eur,9361.4,1601308118.916059,9361.3,0.0098,9361.4,5.23597928,9359.59057
Kraken,btc_eur,9359.5,1601308128.557721,9359.5,0.38519,9361.4,5.24254688,9359.59057
Kraken,btc_eur,9359.6,1601308132.492693,9359.5,0.9,9359.6,0.69459776,9359.59057
Kraken,btc_eur,9359.6,1601308134.35908,9359.5,4.86932889,9359.6,0.61946576,9359.59057
Kraken,btc_eur,9359.5,1601308134.551583,9359.5,4.86731889,9359.6,0.61946576,9359.59057
Kraken,btc_eur,9359.6,1601308134.805722,9359.5,4.86731889,9359.6,0.59822245,9359.59057
Kraken,btc_eur,9359.6,1601308135.170225,9359.5,4.86731889,9359.6,0.55032963,9359.59057
Kraken,btc_eur,9359.6,1601308135.242307,9359.5,4.86731889,9359.6,0.52790262,9359.59057
Kraken,btc_eur,9359.6,1601308135.875212,9359.5,4.86731889,9359.6,0.50768179,9359.59057
Kraken,btc_usd,10906.0,1601308135.980508,10906.0,0.89,10906.1,12.84442184,10891.90852
Kraken,btc_eur,9359.6,1601308136.530504,9359.5,4.86731889,9359.6,0.49655257,9359.59057
Kraken,btc_eur,9359.6,1601308136.581529,9359.5,4.86731889,9359.6,0.47492783,9359.59057
Kraken,btc_eur,9359.6,1601308137.139145,9359.5,4.86731889,9359.6,0.4792918,9359.59057
Kraken,btc_eur,9359.6,1601308137.605428,9359.5,4.86731889,9359.6,0.42711773,9359.59057
Kraken,btc_eur,9359.6,1601308138.194704,9359.5,4.86731889,9359.6,0.47245648,9359.59057
Kraken,btc_eur,9359.6,1601308138.812756,9359.5,4.86731889,9359.6,0.36970722,9359.59057
Kraken,btc_eur,9359.6,1601308139.364076,9359.5,4.86731889,9359.6,0.48330256,9359.59057
Kraken,btc_eur,9359.6,1601308140.068638,9359.5,4.86731889,9359.6,0.50124591,9359.59057
Kraken,btc_eur,9359.6,1601308140.741152,9359.5,4.46731889,9359.6,0.49421952,9359.59057
Kraken,btc_eur,9359.6,1601308141.327118,9359.5,4.46731889,9359.6,0.4855939,9359.59057
Kraken,btc_eur,9359.6,1601308141.867151,9359.5,4.46731889,9359.6,0.29215204,9359.59057
Kraken,btc_eur,9359.6,1601308142.461895,9359.5,4.46731889,9359.6,0.48594492,9359.59057
Kraken,btc_eur,9359.6,1601308142.905208,9359.5,4.46731889,9359.6,0.48058836,9359.59057
Kraken,btc_eur,9359.6,1601308143.379213,9359.5,1.7790838,9359.6,0.72727943,9359.59057
Kraken,btc_eur,9359.6,1601308143.595601,9359.5,1.0940838,9359.6,0.47108213,9359.59057
Kraken,btc_eur,9359.6,1601308143.833186,9359.5,1.0940838,9359.6,0.70750146,9359.59057
Kraken,btc_eur,9359.6,1601308144.344751,9359.5,3.0940838,9359.6,0.23256247,9359.59057
Kraken,btc_eur,9359.6,1601308144.822313,9359.5,3.0940838,9359.6,0.22244882,9359.59057
Kraken,btc_eur,9359.6,1601308145.090468,9359.5,3.0940838,9359.6,0.19942608,9359.59057
Kraken,btc_eur,9359.6,1601308145.586316,9359.5,3.0940838,9359.6,0.17784672,9359.59057
Kraken,eth_usd,364.45,1601308145.922484,364.38,12.45594731,364.45,4.40770311,360.14238
Kraken,btc_eur,9359.6,1601308146.136971,9359.5,3.0940838,9359.6,0.15976831,9359.59057
Kraken,btc_eur,9359.6,1601308148.442782,9359.5,3.0940838,9359.6,0.15526349,9359.59057
Kraken,btc_eur,9359.6,1601308149.22025,9359.5,3.0940838,9359.6,0.15142281,9359.59057
Kraken,btc_eur,9360.2,1601308156.97136,9359.5,2.0,9360.2,1.18234955,9359.59057
Kraken,btc_usd,10898.4,1601308159.96279,10898.4,1.34233678,10906.1,12.72142422,10891.9291
Kraken,btc_eur,9359.2,1601308160.071702,9359.1,2.0,9359.2,0.79722,9359.59057
Kraken,btc_usd,10899.1,1601308160.481264,10897.9,4.58,10902.5,0.68842062,10891.93045
Kraken,btc_usd,10896.4,1601308161.930496,10896.4,0.46235797,10898.4,1.21809773,10891.93517
Kraken,btc_eur,9358.4,1601308164.175742,9358.4,0.48313547,9358.5,1.37347759,9359.59057
Kraken,btc_eur,9358.4,1601308166.144629,9358.4,0.27313547,9358.5,1.37347759,9359.5905
Kraken,btc_eur,9358.5,1601308170.268616,9358.0,0.00213548,9358.5,0.8293831,9359.5905
Kraken,eth_usd,364.39,1601308174.281138,364.38,6.97,364.39,11.89510172,360.14244
Kraken,eth_eur,313.01,1601308176.555114,313.0,96.31530775,313.01,198.13409493,309.79655
Kraken,btc_eur,9358.1,1601308182.172262,9358.0,1.405,9358.1,1.22646001,9359.5905
Kraken,btc_usd,10901.4,1601308188.600337,10901.3,2.6933037,10901.4,0.60674953,10891.93529
Kraken,btc_usd,10901.4,1601308189.036019,10901.3,2.6933037,10901.4,0.08361252,10891.93539
Kraken,eth_eur,313.0,1601308191.826026,313.0,149.0139128,313.01,2.80883219,309.79655
Kraken,btc_eur,9358.0,1601308192.674742,9358.0,6.28709785,9358.1,0.53794061,9359.59048
Kraken,btc_eur,9358.0,1601308199.293876,9358.0,5.96175185,9358.1,0.53794061,9359.59046
Kraken,btc_eur,9358.0,1601308201.019457,9358.0,6.01086266,9358.1,0.53794061,9359.59044
Kraken,btc_eur,9358.1,1601308201.03301,9358.0,6.01086266,9358.1,0.04294061,9359.59024
Kraken,btc_usd,10902.0,1601308201.726303,10902.0,0.95293177,10902.1,0.5,10891.93642
Kraken,btc_eur,9358.1,1601308208.984841,9358.0,2.93693481,9359.3,0.68838451,9359.59023
Kraken,btc_eur,9359.1,1601308212.379289,9359.1,0.72488529,9359.2,0.55,9359.59023
Kraken,btc_eur,9359.1,1601308213.674445,9359.1,0.59995158,9359.2,0.55,9359.59021
Kraken,btc_eur,9359.2,1601308215.223587,9359.1,0.72593929,9359.2,0.5474482,9359.59021
Kraken,btc_usd,10902.1,1601308216.75017,10902.0,0.4822469,10902.1,2.74602345,10891.93868
Kraken,btc_eur,9359.6,1601308230.303899,9359.6,1.30324858,9360.9,0.68838102,9359.59054
Kraken,eth_eur,313.01,1601308242.040911,313.0,96.3224853,313.01,43.51394599,309.79656
Kraken,btc_usd,10902.1,1601308242.466593,10902.0,1.55555132,10902.1,2.05432743,10891.93871
Kraken,btc_eur,9360.7,1601308255.594159,9360.6,0.255,9360.7,1.18046395,9359.59055
Kraken,btc_eur,9360.7,1601308265.116571,9360.6,0.73,9360.7,1.59037777,9359.59055
Kraken,eth_eur,313.0,1601308271.66769,313.0,96.28400002,313.01,94.09527438,309.79656
Kraken,btc_eur,9360.6,1601308277.648548,9360.6,1.58381616,9360.7,0.49110006,9359.59055
Kraken,btc_eur,9361.5,1601308282.887893,9360.7,0.31003755,9361.5,0.0845247,9359.59056
Kraken,btc_eur,9361.8,1601308282.957149,9360.7,0.31003755,9362.1,0.68831782,9359.59112
Kraken,btc_eur,9363.4,1601308290.852685,9362.0,8.26477206,9363.4,1.9763342,9359.59116
Kraken,btc_eur,9363.4,1601308290.859015,9362.0,8.26477206,9363.4,1.97427892,9359.59116
Kraken,btc_eur,9365.1,1601308297.384999,9365.0,0.571314,9365.1,2.47863,9359.59119
Kraken,btc_usd,10902.2,1601308301.688112,10902.1,4.59653178,10902.2,3.42082672,10891.93898
Kraken,btc_usd,10902.2,1601308306.697955,10902.1,4.59653178,10902.2,3.39782672,10891.93909
Kraken,btc_eur,9365.1,1601308307.421703,9365.0,0.57665302,9365.1,2.4574302,9359.59123
Kraken,btc_eur,9365.1,1601308311.149376,9365.0,0.25165302,9365.1,0.5288102,9359.59716
Kraken,btc_eur,9365.1,1601308314.639477,9365.0,0.25165302,9365.1,7.02266513,9359.59719
Kraken,btc_eur,9365.0,1601308315.337439,9360.7,0.02003755,9365.1,7.08259189,9359.59756
Kraken,eth_eur,313.0,1601308317.664374,313.0,96.26387002,313.01,119.4286461,309.79657
Kraken,btc_eur,9358.3,1601308321.012142,9358.3,0.04543671,9360.8,6.7201891,9359.59755
Kraken,btc_usd,10902.1,1601308322.756264,10902.1,0.2498369,10902.2,15.95678981,10891.94022
Kraken,eth_eur,313.01,1601308324.899636,313.0,96.22382002,313.01,119.95160751,309.79659
Kraken,btc_eur,9358.7,1601308325.340338,9358.6,0.5,9358.7,0.8566728,9359.59755
Kraken,eth_eur,313.01,1601308326.619104,313.0,96.22382002,313.01,112.97409418,309.7966
Kraken,btc_eur,9358.6,1601308328.58594,9358.6,0.49897366,9358.7,0.8566728,9359.59755
Kraken,btc_eur,9358.7,1601308329.151311,9358.6,0.49897366,9358.7,0.82702866,9359.59754
Kraken,btc_eur,9358.2,1601308331.134289,9357.6,2.99353596,9358.2,0.67044604,9359.59753
Kraken,btc_eur,9358.1,1601308331.66976,9358.0,0.5,9358.1,0.31713496,9359.59753
Kraken,btc_eur,9358.2,1601308335.289622,9357.6,0.99353596,9358.2,0.47505171,9359.59712
Kraken,eth_eur,313.0,1601308337.023425,313.0,76.72743287,313.01,157.80525866,309.79929
Kraken,btc_eur,9355.1,1601308339.025641,9355.1,0.03293183,9357.7,2.0,9359.59712
Kraken,eth_eur,313.0,1601308340.298236,313.0,41.72743287,313.01,201.61425866,309.8041
Kraken,btc_eur,9357.5,1601308347.437078,9357.4,0.5,9357.5,0.71859799,9359.59711
Kraken,btc_usd,10902.2,1601308347.748886,10902.1,0.2740611,10902.2,13.78764258,10891.94998
Kraken,btc_eur,9357.5,1601308348.7587,9357.4,0.5,9357.5,0.69144699,9359.5971
Kraken,btc_eur,9357.6,1601308349.139145,9357.4,0.5,9357.6,0.84703955,9359.5962
Kraken,btc_eur,9357.6,1601308350.102498,9357.5,0.5,9357.6,0.72112313,9359.5962
Kraken,eth_usd,364.43,1601308351.213236,364.42,0.02013989,364.43,87.91165694,360.14262
Kraken,btc_eur,9358.0,1601308351.228244,9355.5,2.0,9358.0,0.01682886,9359.5962
Kraken,eth_eur,313.0,1601308363.592418,313.0,40.92743287,313.01,130.36113078,309.80421
Kraken,btc_eur,9358.8,1601308366.028824,9358.7,3.17,9358.8,0.479064,9359.59619
Kraken,eth_eur,313.01,1601308366.620348,313.0,49.74348827,313.01,89.5529328,309.80432
Kraken,btc_eur,9358.8,1601308384.819672,9358.7,3.17,9358.8,0.49417391,9359.59619
